3487 5450
708 547 848 622 150
1260 568 1348 621 on
1400 568 1642 622 mono
1693 568 2137 621 Lusunmmo
2190 568 2603 620 AusrmAcO.

698 757 849 822 dem
907 755 1073 823 filios
1140 757 1442 842 praeibat
1511 762 1596 838 et,
1653 760 1728 824 ut
1788 757 2018 842 paucis
2081 756 2371 822 breviter
2432 756 2797 840 expediam,
2861 757 3172 823 universa

697 856 1135 922 meridianalis
1149 857 1201 895 ¹⁸
1221 857 1576 923 Hiberniae
1606 858 1893 923 eundem
1911 856 2238 923 Tatheum
2268 875 2493 940 regem
2522 857 2897 936 affuturum,
2919 857 2975 922 si
2994 856 3173 940 patri

653 969 658 973 ’
696 957 1127 1038 supervixerit
1141 956 1211 1035 ¹⁴,
1259 957 1385 1022 sibi
1445 957 1751 1037 decrevit,
1820 957 1909 1023 ad
1965 956 2457 1034 monasterium,
2514 976 2645 1039 quo
2701 956 3102 1022 inclusorum
3120 957 3173 996 ¹⁸

698 1055 1012 1121 excubiae
1047 1056 1462 1135 tenebantur,
1490 1056 1749 1136 direxit,
1789 1076 1871 1122 ea
1910 1059 2137 1122 tamen
2178 1055 2573 1133 condicione,
2597 1060 2671 1120 ut
2710 1075 2832 1121 nec
2876 1055 3175 1121 eiusdem

696 1154 1007 1220 ecclesiae
1025 1159 1252 1238 portas
1276 1156 1677 1239 perfringere
1698 1156 2038 1234 auderent,
2066 1175 2189 1221 nec
2216 1155 2433 1238 regiae
2461 1155 2825 1221 maiestatis
2854 1174 2933 1220 ac
2958 1154 3175 1221 homi-
3207 1176 3238 1222 s

695 1253 843 1319 cidii
869 1273 1017 1319 reos
1043 1254 1328 1321 violenta
1347 1275 1549 1321 manu
1570 1255 2052 1331 abstraherent,
2073 1255 2191 1320 sed
2214 1245 2481 1320 eosdem
2503 1254 2792 1320 diutinae
2815 1255 3173 1320 obsidionis

696 1351 913 1419 inedia
941 1356 1007 1418 et
1035 1354 1141 1418 siti
1168 1353 1566 1420 deditionem
1595 1354 1812 1420 facere
1841 1354 2227 1437 quantocius
2259 1358 2585 1436 cogerent.

784 1459 894 1517 16.
920 1452 1222 1536 Dumque
1248 1453 1425 1519 idem
1452 1453 1679 1519 inclusi
1701 1454 1786 1520 de
1806 1453 1912 1519 die
1931 1452 2000 1517 in
2023 1453 2198 1518 diem
2219 1452 2392 1518 fame
2411 1454 2432 1492 ¹
2459 1457 2525 1518 et
2556 1472 2877 1536 aquarum
2897 1452 3177 1536 penuria

695 1552 843 1635 plus
865 1570 943 1616 ac
960 1551 1109 1639 plus
1138 1552 1598 1635 affligerentur,
1629 1556 1696 1617 et
1715 1572 1931 1636 paene
1949 1552 2033 1618 de
2054 1552 2191 1618 vita
2212 1553 2658 1635 desperarent,
2683 1555 2841 1619 tunc
2867 1554 2965 1617 vir
2990 1572 3176 1619 reve-

696 1650 880 1716 rendi
926 1648 1285 1716 admodum
1324 1651 1540 1717 vultus
1582 1652 1872 1717 caesarie
1900 1671 2066 1717 caua
2083 1651 2129 1726 ²,
2159 1651 2370 1716 barba
2396 1651 2671 1734 prolixa,
2703 1671 2852 1717 cum
2880 1651 3175 1717 vestibus
3210 1669 3276 1720 ιο

697 1749 864 1815 albis
884 1749 951 1815 in
977 1751 1224 1816 somnis
1244 1751 1357 1816 uni
1384 1750 1821 1817 inclusorum⁸
1837 1770 2164 1834 apparens
2186 1752 2317 1815 ait:
2361 1750 2568 1831 Video,
2599 1752 2690 1841 mi
2712 1751 2982 1832 frater-⁴,
3006 1750 3179 1836 quod

698 1849 879 1912 sitiet
899 1848 1366 1914 calamitatibus
1385 1857 1567 1914 attae
1579 1852 1979 1935 paupertatis
1997 1851 2277 1934 oppressi
2297 1848 2651 1932 deficientes
2671 1849 2950 1932 deficitis.
2962 1850 3180 1930 Quare

698 1949 873 2012 ocius
898 1949 1136 2032 surqite
1160 1950 1390 2034 atqne‘
1415 1950 1750 2013 sinistrum
1780 1950 2013 2013 altaris
2039 1950 2212 2013 latus
2251 1950 2320 2012 in
2357 1948 2737 2014 altitudiue⁸
2767 1951 2957 2012 unius
2984 1949 3180 2014 cubiti

700 2055 939 2111 terram
958 2047 1271 2130 suffodite.
1308 2046 1479 2113 Nam
1508 2047 1885 2112 sublimator
1906 2048 1930 2086 ⁷
1952 2043 2349 2133 perditorum
2379 2056 2435 2112 et
2466 2048 2730 2114 adiutor
2756 2049 3175 2134 iudiqentium

708 2142 973 2213 Creator
987 2148 1352 2232 propitius⁸
1377 2146 1567 2226 vobis,
1600 2148 1739 2213 licet
1769 2149 2099 2215 immeritis
2134 2147 2585 2232 peccatoribus,
2608 2149 2848 2230 fontem
2886 2149 3180 2213 salientis
3220 2164 3280 2214 ιιι

701 2266 904 2331 aquae
930 2247 1006 2311 de
1033 2247 1154 2311 hac
1179 2248 1372 2311 etiam
1391 2252 1580 2330 petra
1609 2249 1800 2312 eremi
1826 2247 2148 2312 clementer
2174 2247 2405 2312 educet.
2448 2247 2558 2313 Ille
2601 2251 2824 2313 autem
2868 2267 3183 2331 experge-

679 2344 913 2435 ‚factus
955 2364 1096 2410 rem
1152 2345 1363 2411 visam
1405 2346 1596 2412 sociis
1619 2347 1647 2384 ⁰
1686 2346 1914 2412 ordine
1962 2346 2214 2429 pandit.
2261 2347 2351 2437 At
2391 2365 2548 2411 vero
2591 2346 2820 2412 inclusi
2858 2346 2944 2410 illi
2987 2345 3181 2411 dictis

704 2445 938 2509 somnii
954 2445 1004 2484 ¹⁰
1032 2443 1233 2510 fidem
1260 2464 1682 2529 nequaquam
1710 2445 2117 2523 adhibentes,
2149 2464 2354 2510 vanas
2385 2444 2525 2510 sitis
2548 2445 2851 2510 acredine
2878 2465 2956 2511 ac
2985 2444 3182 2510 famis

704 2544 975 2609 uredine
1001 2542 1328 2609 illusiones
1350 2564 1494 2610 esse
1523 2544 1901 2610 credebant.
1921 2544 2087 2609 Dein
2115 2564 2264 2609 cum
2293 2544 2507 2609 eidem
2534 2544 2692 2623 viro,
2716 2545 2818 2609 cui
2839 2545 3052 2627 primo
3078 2544 3184 2609 vir

703 2646 971 2708 sanctus
1019 2643 1088 2708 in
1141 2643 1410 2709 somniis
1432 2643 1481 2682 ¹¹
1523 2647 1943 2728 apparuerat,
1992 2644 2208 2709 denuo
2249 2662 2573 2727 aquarum
2614 2644 2826 2709 fontes
2868 2642 2956 2708 ad
3001 2641 3178 2708 latus
3216 2657 3285 2709 υ

684 2741 933 2808 altaris
961 2743 1191 2809 elicere
1212 2743 1264 2782 ¹¹
1292 2743 1735 2823 insinuaverit,
1765 2745 1821 2809 is
1849 2744 2027 2809 idem
2042 2744 2094 2783 ¹⁸
2119 2743 2336 2808 verbis
2377 2743 2552 2826 patri
2592 2736 2832 2808 iterum
2874 2743 3181 2808 diffidens

709 2842 906 2925 quieti
965 2842 1267 2908 membra
1314 2843 1612 2920 indulsit3
1661 2846 1928 2909 sanctus
1975 2846 2201 2908 tamen
2225 2842 2325 2907 vir
2364 2842 2653 2925 pervigil,
2696 2842 3184 2908 misericordiae

707 2941 1063 3008 visceribus
1110 2960 1308 3025 super
1355 2941 1636 3008 inclusos
1679 2946 2065 3020 commotus,
2100 2941 2378 3024 praefati
2418 2941 2689 3007 iacentis
2733 2941 2940 3007 latere
2979 2945 3185 3020 tacto,

710 3039 992 3106 eidem¹⁴
1015 3040 1344 3106 minitanti
1385 3059 1546 3107 voce
1589 3059 1666 3106 ac
1707 3041 1977 3106 terribili
2020 3040 2221 3106 dixit·
2262 3042 2314 3105 0
2339 3039 2521 3104 homo
2562 3040 2770 3105 durae
2807 3042 3060 3106 cervicis
3102 3062 3187 3107 ac

708 3141 932 3204 mentis
950 3139 1331 3221 incredulae,
1352 3160 1536 3224 surqe
1562 3141 1748 3220 ocius,
1774 3142 2122 3224 assumptis
2149 3139 2262 3203 tibi
2280 3141 2408 3204 tuis
2424 3140 2477 3180 ¹⁸
2495 3135 2839 3221 comitibus,
2861 3160 3078 3226 aquas,
3108 3148 3184 3206 ut
3222 3162 3293 3212 ιο

699 3238 1173 3323 praedixeram,
1195 3238 1273 3303 de
1294 3246 1500 3304 terrae
1532 3241 1772 3323 yremio
1798 3239 1967 3304 vobis
1988 3241 2287 3305 asciscite.
2322 3239 2444 3303 Sed
2471 3247 2541 3304 ut
2567 3242 2773 3304 omnis
2800 3240 3188 3324 ambiguitas

711 3344 768 3402 et
810 3337 1173 3420 diffidentia
1217 3338 1298 3402 ab
1327 3338 1669 3404 incredulis
1697 3339 2036 3403 animabus
2062 3340 2282 3403 vestris
2310 3341 2378 3401 iu
2399 3340 2725 3423 praesenti
2749 3346 3187 3425 sequestretur,

708 3437 1075 3520 fossorium,
1102 3458 1226 3523 quo
1266 3438 1427 3501 mihi
1465 3439 1696 3502 victum
1738 3440 1809 3501 in
1851 3446 2053 3502 monte
2092 3437 2226 3513 hoc,
2265 3439 2419 3501 dum
2463 3458 2660 3504 cantes
2701 3441 2854 3515 vita,
2876 3438 3190 3520 vacuabat,

712 3536 1107 3623 quaerebam,
1134 3539 1200 3600 in
1235 3544 1640 3622 auymentum
1664 3537 1854 3601 huius
1881 3539 2110 3622 neyotii
2137 3538 2534 3602 certitudinis
2571 3540 2635 3602 in
2672 3547 3189 3622 praemonstrato

713 3636 844 3700 loco
870 3637 1214 3719 reperietis.
3229 3655 3305 3707 ao

804 3743 920 3800 17.
940 3735 1128 3801 Nunc
1156 3735 1349 3818 igitur
1367 3735 1543 3800 idem
1569 3735 1796 3800 inclusi
1818 3735 2028 3800 sancti
2054 3735 2260 3819 patris
2288 3735 2552 3801 monitis
2578 3755 2700 3819 per
2733 3735 2955 3801 omnia
2979 3735 3191 3803 fldem

717 3834 1123 3913 adhibentes,
1145 3834 1445 3918 quamvis
1474 3834 1740 3913 debileS,
1757 3834 2055 3919 quamvis
2084 3835 2328 3899 viribus
2353 3835 2719 3914 imbecilles,
2746 3834 2962 3900 locum
2985 3855 3195 3919 prae-

716 3934 1043 4015 signatum
1084 3933 1407 4017 unguibus
1450 3938 1517 3998 et
1552 3933 1768 4016 digitis
1810 3935 1968 3999 dum
2004 3934 2425 4012 suffoderent,
2452 3937 2741 3999 rastrum
2774 3933 3196 4017 praedictum

717 4033 1122 4098 invenerunt.
1150 4033 1334 4098 Tunc
1373 4052 1548 4110 vem,
1578 4037 1735 4098 tunc
1775 4033 2081 4116 primum,
2110 4036 2265 4099 tunc
2306 4034 2655 4117 praecipue
2696 4034 3029 4099 hominem
3063 4033 3198 4101 Dei

716 4132 1146 4198 Mochulleum
1187 4132 1544 4198 salutarem
1571 4132 1873 4197 nuntium
1902 4133 2023 4197 sibi
2052 4132 2312 4197 inclusis
2341 4152 2419 4198 ac
2440 4133 2724 4199 obsessis
2747 4133 3193 4213 affirmantes,
3235 4153 3311 4205 ss

717 4232 1066 4314 resumptis
1094 4231 1339 4296 viribus
1370 4250 1447 4296 ac
1475 4231 1663 4296 laetis
1686 4232 2037 4309 mentibuS,
2059 4230 2383 4296 Salvatori
2411 4232 2639 4315 dignas
2671 4232 2893 4296 laudes
2922 4237 3204 4314 gratan-

720 4336 818 4397 ter
838 4336 1125 4414 agentes,
1136 4350 1286 4396 cum
1304 4331 1497 4396 unius
1526 4331 1723 4395 cubiti
1747 4331 2086 4395 altitudine
2106 4335 2352 4398 terram
2373 4330 2758 4405 infoderent,
2782 4330 3154 4414 gelidarum
3172 4335 3201 4400 ἓ

721 4541 782 4552 -
805 4513 849 4548 ¹⁸
872 4517 952 4567 ita
970 4515 1122 4568 codd.
1144 4540 1211 4552 -
1234 4514 1284 4548 ¹⁴
1306 4510 1699 4580 supervixisset
1721 4516 1779 4566 et
1800 4513 1869 4565 M
1871 4532 1893 4579 ,·
1930 4528 1984 4581 p.
2002 4517 2050 4567 si
2068 4512 2457 4581 supervixisset
2480 4517 2545 4566 Α.
2567 4540 2638 4551 -
2659 4512 2705 4547 ¹⁵
2725 4512 2968 4567 inclusae
2987 4516 3059 4567 A.

791 4599 898 4649 16.
933 4624 1000 4635 —
1026 4598 1041 4630 ¹
1065 4597 1213 4649 fama
1239 4596 1314 4648 M.
1337 4624 1405 4633 —
1426 4595 1450 4628 ²
1467 4611 1533 4648 ac
1550 4598 1679 4648 add.
1696 4596 1847 4648 AM.
1863 4623 1930 4634 -
1951 4596 1977 4629 ⁸
1995 4595 2337 4649 reclusorum
2360 4596 2423 4647 L.
2440 4623 2508 4634 —
2532 4597 2552 4629 ⁴
2571 4595 2649 4649 ait
2670 4597 2794 4648 add.
2818 4598 2885 4648 A.
2907 4623 2974 4633 —
2991 4595 3017 4630 ⁸
3035 4595 3213 4653 iuxta.

718 4680 844 4733 add.
871 4679 1016 4732 AM.
1039 4707 1106 4717 —
1121 4679 1145 4712 ⁶
1168 4677 1510 4731 altitudinem
1533 4678 1677 4731 Auli,
1694 4706 1763 4716 -
1787 4678 1809 4711 ⁷
1833 4678 1914 4743 (N.
1932 4681 1998 4740 3.)
2020 4693 2085 4731 ac
2120 4677 2545 4731 sublimaturum
2566 4681 2652 4742 A,·
2675 4693 2738 4730 ac
2759 4676 3091 4731 sublimator
3120 4681 3214 4738 M.

717 4789 785 4801 -
805 4763 829 4797 ⁸
845 4764 923 4824 (C.
942 4765 1014 4829 p.)
1038 4761 1159 4828 p.C.
1185 4761 1329 4814 AM.
1349 4789 1413 4800 -
1437 4762 1460 4795 ⁹
1480 4759 1615 4813 socii
1637 4763 1701 4814 A.
1719 4792 1787 4802 —
1813 4762 1859 4795 ¹⁰
1883 4761 2063 4815 somni
2088 4760 2163 4813 M.
2188 4788 2248 4797 —
2276 4761 2321 4794 1¹
2346 4760 2556 4815 somnis
2580 4760 2729 4814 HM.
2752 4787 2820 4798 —
2839 4759 2885 4793 ¹⁹
2904 4778 3009 4814 om.
3040 4765 3111 4816 A.
3135 4790 3216 4804 —

721 4843 768 4878 ¹⁸
790 4845 858 4907 (is
880 4844 969 4911 id.)
986 4844 1156 4898 isdem
1183 4847 1252 4897 A.
1272 4874 1338 4885 —
1364 4844 1408 4877 ¹⁴
1431 4858 1539 4911 que
1562 4845 1689 4896 add.
1709 4844 1862 4898 AM.
1887 4871 1950 4882 —
1973 4844 2020 4877 ¹⁶
2042 4861 2143 4898 om.
2167 4844 2234 4897 L.

788 4929 890 4980 1⁸7.
928 4954 996 4965 —
1021 4927 1038 4959 ¹
1057 4925 1283 4993 geledax
1317 4927 1382 4977 A.
