3487 5450
1240 631 1587 683 APPENDIX
1640 631 1811 683 xxn.

692 822 1087 886 memu

381 929 497 987 10.
511 921 814 1000 Quasnam
848 941 888 984 A
910 939 1213 985 metium
1237 938 1479 985 noman

294 1041 511 1085 sANAr.
553 1020 793 1085 Statim
842 1019 1007 1085 alter
1054 1018 1323 1103 quidam
1364 1038 1479 1083 au-

294 1120 478 1185 diens
509 1120 818 1202 quoniam
849 1138 1177 1184 caecum...

381 1229 417 1283 1
434 1229 497 1284 1.
574 1218 672 1283 Dr
742 1237 1118 1283 narse-riom:
1210 1236 1480 1282 cLEmcls

289 1339 675 1385 racemum.
708 1318 828 1383 His
876 1318 970 1382 ita
1014 1318 1315 1400 peractiS‚
1343 1337 1477 1382 una

289 1419 563 1496 dierum,
615 1438 761 1483 cum
815 1420 1035 1482 essent
1110 1417 1475 1500 congregati

286 1517 794 1582 reverentissimi
822 1516 1093 1581 clerici...

376 1623 494 1682 12.
570 1617 845 1681 LAPmsu
916 1636 1105 1680 mam
1181 1635 1476 1681 ponor-:ms

288 1735 531 1781 rom-r.
578 1716 932 1781 Praeterea
983 1735 1133 1781 cum
1175 1719 1476 1798 pergeret

285 1814 520 1881 beatus
565 1816 624 1880 N
626 1816 868 1881 icolaus
904 1816 991 1881 ad
1020 1816 1130 1898 pia
1167 1819 1234 1880 et
1281 1834 1477 1880 vene-

289 1915 519 1980 rabilia
546 1915 752 1980 loca...

305 2094 309 2097 .
373 2021 497 2079 13.
552 2015 916 2080 Sramcmus
983 2033 1331 2080 comumnes
1388 2035 1474 2079 rt-

286 2133 423 2179 rum
437 2114 1014 2178 utri-:TRATNerum
1034 2113 1188 2197 quia
1209 2114 1472 2196 longum

289 2217 443 2278 est...
475 2213 624 2279 Una
661 2214 914 2278 dierum
960 2215 1057 2277 vir
1097 2213 1363 2296 quidam
1406 2217 1473 2279 et

287 2332 448 2379 uxor
470 2314 611 2378 eius
638 2333 772 2378 una
800 2313 1198 2377 venientes...

369 2420 485 2478 14.
558 2413 852 2477 Pusam
935 2432 1171 2477 Annum
1246 2432 1464 2477 saxu.

285 2512 428 2577 Alio
471 2532 629 2578 vero
681 2517 977 2594 tempore
1033 2513 1131 2577 vir
1178 2511 1370 2576 simul
1404 2515 1469 2577 et

285 2631 447 2676 uxor
497 2611 983 2695 proficiscentes
1012 2611 1103 2676 de'
1134 2610 1471 2694 Alpibus...

368 2718 486 2776 15.
524 2710 843 2776 DAnxoms
880 2731 1158 2776 ruamus
1187 2731 1471 2776 svm-mr.

281 2809 430 2875 Pari
481 2811 682 2875 modo
741 2814 804 2875 et
856 2810 1031 2875 aliud
1087 2809 1470 2875 miraculum

280 2928 550 2974 narrare
582 2929 910 2974 curamus.
956 2908 1106 2974 Una
1147 2928 1301 2974 vero
1336 2908 1472 2973 die-

278 3027 426 3073 rum
468 3009 687 3074 subito
734 3008 1000 3073 intravit
1035 3009 1317 3073 daemon
1355 3007 1470 3073 ubi

279 3109 489 3173 oravit
508 3107 577 3174 S.
607 3108 972 3173 Nicolaus...

368 3307 807 3382 16.ΓΑ»1111,1111
837 3325 1277 3370 natuomacmr
1305 3325 1466 3370 ams-

280 3425 426 3471 nxr.
451 3405 599 3472 Non
628 3406 834 3471 multo
861 3409 1015 3488 post
1036 3405 1303 3470 intravit
1330 3406 1469 3470 dia-

276 3504 467 3570 bolus
492 3506 559 3570 in
581 3505 990 3588 coquinam...

371 3612 482 3669 17.
526 3606 911 3670 Fnummruu
982 3623 1292 3668 asomum
1359 3624 1468 3669 Ρο-

277 3723 435 3768 rum
461 3723 850 3769 surpsnrmr.
879 3702 1026 3767 Alio
1056 3706 1275 3790 autem
1299 3706 1466 3769 tem-

273 3822 443 3885 pore
478 3806 884 3868 revertentes
926 3802 1013 3867 ab
1066 3799 1466 3867 Alexandria

272 3921 541 3967 naves..

371 4005 484 4065 18.
532 4000 749 4066 Omna
799 4019 860 4063 m
908 4019 1079 4064 ms
1119 4018 1463 4064 prinmo-rma

274 4118 503 4163 annm.
518 4100 775 4164 Interea
800 4118 880 4163 ex
902 4098 1254 4182 longinquo
1271 4118 1464 4173 vener

268 4203 432 4262 runt
459 4202 698 4263 nautae
729 4197 815 4262 ad
836 4197 1316 4263 salutandum...

367 4303 479 4362 19.
526 4297 1024 4362 Faamctmxrmr
1053 4315 1271 4360 simu.
1293 4295 1459 4363 Cum

266 4394 533 4461 sederet
611 4397 847 4462 beatus
929 4396 982 4460 N
988 4395 1230 4461 icolaus
1305 4399 1460 4461 ante

266 4493 614 4560 ecclesiam
642 4493 1108 4583 Arnivedensis
1152 4494 1456 4559 castelli...

358 4696 487 4755 20.
531 4692 861 4756 Dunomu
898 4711 1116 4756 mear.
1154 4690 1458 4769 Quadam

261 4808 434 4856 vero
497 4795 687 4858 nocte
760 4794 993 4855 orante
1056 4790 1124 4855 S.
1192 4790 1455 4856 Nicolao

261 4889 469 4953 simul
533 4910 683 4958 cum
754 4889 1120 4956 Artheman
1186 4889 1460 4973 presby-

256 4991 476 5056 tero...

2619 610 2763 684 207

2038 823 2305 889 Omma

1669 928 1787 986 12.
1847 921 2006 987 Post.
2059 923 2224 989 haec
2279 924 2443 989 alter
2498 924 2764 1007 quidam

1583 1025 1907 1102 aegrotm,
1931 1023 2083 1105 quia
2112 1023 2468 1089 audierat...

1842 1121 1991 1187 thid„
2014 1138 2066 1190 p.
2088 1123 2204 1187 505,
2227 1139 2343 1191 cap.
2366 1124 2415 1178 8.

1669 1227 1792 1286 13.
1828 1220 1992 1286 Cum
2029 1222 2295 1305 quidam
2339 1222 2550 1289 clerici
2579 1243 2763 1289 reve*

1575 1319 1762 1384 rendi
1784 1322 2153 1404 congregati
2181 1322 2513 1388 fuissent...

1842 1421 1993 1487 thid„
2018 1438 2070 1488 p.
2086 1423 2256 1485 5056,
2274 1439 2389 1491 cap.
2411 1423 2461 1476 9.

1666 1623 1788 1680 14.
1811 1614 1976 1681 Cum
1999 1621 2296 1699 pergeret
2316 1618 2550 1683 beatus
2569 1618 2776 1699 Nico<

1574 1713 1726 1780 laus
1793 1716 1880 1780 ad
1948 1721 2176 1781 sancta
2234 1721 2301 1782 et
2364 1718 2763 1784 venerabilia

1571 1813 1774 1878 loca...

1839 1913 1993 1975 ibid..
2017 1931 2067 1983 p.
2090 1916 2205 1980 506,
2230 1931 2349 1984 cap.
2373 1919 2450 1971 10.

1673 2020 1795 2077 15.
1828 2013 1940 2078 Vir
1983 2014 2248 2097 quidam
2300 2018 2366 2082 et
2413 2035 2581 2081 uxor
2621 2017 2758 2083 eius

1572 2111 1765 2178 simul
1786 2113 2179 2178 venientes...

1834 2211 1991 2276 Ibid„
2015 2229 2065 2280 p.
2087 2213 2203 2279 506,
2226 2229 2343 2282 cap.
2369 2216 2447 2269 11.

1663 2415 1778 2475 16.
1811 2410 1956 2475 Alio
1998 2414 2294 2493 tempore
2330 2411 2428 2476 vir
2460 2413 2652 2478 simul
2691 2419 2758 2481 et

1574 2527 1747 2573 uxor
1793 2508 2273 2592 proficiscentes
2311 2511 2394 2575 de
2421 2511 2757 2595 Alpibus..

1666 2714 1780 2772 17.
1808 2706 1970 2772 Illud
2012 2708 2210 2773 etiam
2239 2708 2321 2773 de
2362 2713 2589 2776 sancto
2617 2711 2755 2778 viro

1572 2809 1673 2871 est
1731 2807 2155 2886 narrandum,
2198 2808 2351 2891 quia
2393 2829 2542 2875 cum
2599 2830 2760 2895 qua-

1568 2905 1730 3068 ldam
1783 2906 1887 2972 die
1936 2912 2207 2986 orasset,
2268 2909 2482 2974 subito
2533 2910 2760 2976 diabo-

1589 3025 1760 3071 us...

1836 3123 2012 3177 Catal.
2062 3125 2263 3190 Parin„
2316 3128 2354 3177 t.
2398 3125 2440 3184 1.
2485 3142 2536 3193 p.
2583 3127 2756 3191 50651,

1763 3219 1880 3273 cap.
1903 3205 1980 3258 12.

1658 3309 1773 3369 18.
1825 3301 1973 3368 Non
2028 3303 2233 3368 multo
2291 3308 2442 3387 post
2490 3306 2757 3372 intravit

1568 3401 1966 3494 diabolus-in
1987 3403 2395 3485 coquinam...

1831 3501 1984 3564 Ibid„
1999 3518 2051 3570 p.
2074 3503 2189 3567 507,
2208 3519 2325 3571 cap.
2346 3504 2423 3558 13.

1655 3606 1771 3665 19.
1817 3601 1962 3665 Alio
2006 3621 2267 3684 quoque
2315 3606 2611 3687 tempore
2651 3624 2754 3670 re-

1563 3702 1897 3764 vertentes
1927 3700 2011 3764 ab
2063 3700 2464 3767 Alexandria
2491 3722 2752 3769 naves..

1825 3799 1904 3853 cf.
1927 3800 2236 3863 Paeonum,
2259 3816 2309 3868 p.
2331 3801 2442 3866 118,
2467 3818 2586 3871 cap.
2607 3804 2685 3858 10.

1645 4005 1769 4062 20.
1815 3998 2071 4064 Interea
2116 4003 2438 4064 venerunt
2480 4020 2561 4065 ex
2607 4001 2749 4067 lon·

1564 4098 1804 4181 ginquo
1833 4101 2076 4162 nautae
2105 4098 2189 4163 ad
2227 4099 2703 4165 salutandum...

1823 4197 1901 4251 cf.
1927 4197 2071 4262 ibid„
2097 4214 2147 4264 p.
2181 4198 2375 4262 new,
2393 4215 2509 4266 cap.
2537 4200 2613 4253 11.

1644 4305 1764 4362 21.
1811 4296 1978 4362 Cum
2008 4297 2266 4362 sederet
2299 4298 2532 4362 beatus
2560 4298 2746 4364 Nico·

1561 4395 1707 4461 laus
1727 4395 1797 4461 in
1822 4396 2256 4460 Arnivedensi
2285 4397 2609 4461 casteHO...

1826 4513 2000 4566 Catal.
2047 4512 2252 4576 Paria„
2298 4516 2335 4566 t.
2392 4513 2432 4578 1,
2473 4529 2525 4580 p.
2574 4514 2744 4578 507-8,

1757 4609 1877 4662 cap.
1902 4594 1981 4648 15.

1639 4697 1761 4756 22.
1809 4690 2109 4768 Quadam
2151 4696 2341 4768 nocte
2374 4691 2441 4757 S.
2479 4692 2743 4758 Nicolao

1556 4794 1789 4857 orante
1826 4794 2026 4872 atque
2072 4790 2391 4872 psallente
2432 4810 2567 4856 una
2594 4811 2742 4858 cum

1559 4890 1927 4955 Artheman
1954 4891 2395 4972 presbytero...

1819 5003 1972 5071 lhid„
1992 5019 2048 5072 p.
2063 5005 2177 5069 508,
2201 5020 2317 5072 cap.
2347 5005 2426 5059 16.
