3487 5450
1332 589 1684 641 Apprumx
1730 589 1828 641 V.
2654 571 2793 642 147

325 776 503 843 filia⁸
545 778 843 861 speciosa
892 779 1068 852 Sion,
1097 780 1261 844 baec
1291 783 1432 845 erat
1459 798 1594 845 una
1633 779 1717 843 de
1746 777 2004 843 filiabus
2044 777 2222 860 Tyri,
2265 777 2350 843 de
2377 780 2801 862 prudentium

329 877 622 961 quinque
647 878 1011 961 virginum⁰
1035 897 1310 943 numero
1338 898 1489 955 una,
1520 898 1692 962 quae
1714 876 1855 943 sola
1882 877 1949 942 in
1975 877 2207 942 mediis
2236 880 2612 945 nemoribus
2632 882 2803 947 inter

326 981 625 1059 agrestes
656 977 832 1043 feras
873 978 1174 1043 miranda
1202 979 1404 1043 animi
1433 978 1802 1042 constantia
1839 995 1988 1041 cum
2032 977 2424 1042 indeficienti
2451 978 2595 1044 oleo
2636 981 2801 1045 cari-

325 1077 482 1140 tatis
542 1077 766 1158 sponsi
824 1077 1182 1143 adventum
1240 1077 1703 1160 praestolando
1759 1076 1940 1159 virgo
2011 1077 2412 1142 anachoreta
2465 1079 2800 1146 manebat.

254 1195 284 1241 5
326 1174 548 1252 Quam
567 1177 617 1213 ¹⁰
645 1176 977 1258 virginem,
998 1175 1174 1259 vulgi
1195 1177 1654 1241 circumstante
1676 1195 1938 1253 corona,
1954 1175 2225 1240 sollicita
2244 1176 2659 1258 inquisitione
2680 1179 2801 1244 viri

325 1280 693 1340 summates
716 1279 782 1339 et
810 1275 1086 1357 praelati
1110 1276 1431 1340 exercitus
1452 1275 2017 1357 interrogaverunt
2033 1276 2100 1353 ¹¹,
2127 1274 2418 1340 dicentes
2433 1264 2531 1342 z‘O
2551 1277 2802 1359 muilier,

326 1373 580 1439 ostende
621 1373 795 1438 nobis
837 1374 1058 1458 quibus
1103 1376 1171 1438 in
1199 1373 1453 1438 latebris
1493 1373 1674 1437 homo
1702 1373 2056 1457 hypocrita,
2081 1374 2462 1457 populorum
2492 1377 2802 1459 seductor,

326 1493 534 1536 vanae
573 1474 1036 1555 superstitionis
1063 1480 1337 1551 amator,
1371 1472 1951 1557 Mochulleus-reqis
1980 1474 2181 1536 nostri
2210 1475 2434 1538 timens
2459 1475 2799 1539 ademtam

327 1572 565 1637 latitat.
607 1571 784 1636 Hinc
810 1593 885 1635 ex
912 1573 1087 1637 nobis
1116 1574 1368 1657 quaevis
1393 1573 1558 1651 feres
1578 1574 1894 1655 praemia,
1930 1579 2144 1636 nostro
2171 1593 2412 1656 quoque
2439 1577 2572 1659 reqi
2589 1574 2804 1638 hinc¹¹¹

224 1695 290 1744 ιο
322 1671 441 1754 fies
475 1673 871 1756 qratissima,
901 1668 1132 1756 siqua
1184 1672 1358 1735 nobis
1415 1673 1538 1735 viri
1589 1671 1779 1734 lucius
1823 1671 2045 1735 reveles
2083 1670 2372 1735 latibula.
2404 1671 2564 1750 Quis
2600 1675 2805 1756 virgo,
2862 1680 2865 1683 ’

268 1771 283 1783 ’
327 1770 542 1836 fidens
593 1772 794 1836 animi
843 1772 1212 1837 constantia
1227 1771 1276 1852 ¹³
1334 1774 1399 1835 et
1463 1772 1723 1848 virtute,
1766 1769 1951 1834 vultu
2012 1770 2339 1853 intrepido
2394 1773 2736 1855 respondit
2787 1796 2805 1838 :

345 1869 597 1951 Virum,
639 1870 868 1953 inquit,
909 1869 1301 1953 hypocritam
1345 1870 1435 1933 cel
1467 1870 1693 1953 populi
1719 1868 2101 1932 seductorem
2152 1870 2221 1932 in
2261 1869 2669 1960 haqreyione
2699 1893 2809 1936 uec

327 1969 760 2049 videram,2›1ec
773 1968 849 2050 fa
858 1991 961 2033 ma
978 1969 1180 2051 fuisse
1201 1968 1550 2033 audieram.
1570 1967 1695 2032 Sed
1714 1969 1774 2032 si
1800 1970 2003 2031 virum
2019 1969 2429 2051 praeclarum
2447 1969 2574 2034 Dei
2587 1971 2807 2049 famu·

329 2070 466 2132 lum
497 2069 824 2154 requiritis
854 2068 1295 2146 Mochaeelleaeem,
1337 2089 1462 2132 ecce
1492 2070 1558 2131 in
1604 2069 1884 2131 oratorio
1926 2087 2070 2130 cum
2097 2070 2233 2132 suis
2256 2068 2576 2150 fratribus
2602 2091 2806 2155 reyem

223 2188 290 2237 15
330 2168 493 2233 caeli
533 2167 984 2231 commorando
1031 2174 1380 2231 veneratur.
1427 2167 1615 2251 Reyis
1655 2186 1797 2230 vero
1846 2168 2036 2230 vestri
2079 2165 2366 2248 nefanda
2416 2169 2688 2251 imperia
2729 2189 2806 2233 ac

330 2270 682 2331 versutiam
701 2268 751 2305 ¹⁴
779 2267 1164 2331 insidiarum
1195 2266 1485 2346 eiusdem,
1511 2264 1664 2348 fidei
1690 2266 1891 2329 lorica
1922 2265 2204 2345 indutus,
2234 2275 2640 2349 aspernatur.
2690 2278 2696 2284 ’

426 2372 542 2430 12.
574 2365 882 2431 Ceterum
928 2383 1077 2429 cum
1119 2367 1348 2429 sancta
1388 2364 1649 2446 virago¹
1695 2382 1819 2445 pro
1858 2363 2229 2446 principum
2265 2364 2678 2448 beneplacito
2720 2365 2808 2429 ad

326 2467 741 2546 interrogata
787 2482 920 2529 non
981 2463 1429 2546 responderet,
1494 2481 1775 2545 cumque
1789 2462 1816 2500 ²
1867 2466 2067 2527 tenax
2134 2463 2315 2528 veri⁸
2369 2464 2585 2528 virum
2603 2464 2633 2502 ⁴
2686 2463 2807 2529 Dei

330 2564 619 2629 electum
638 2564 850 2646 dignis
869 2562 1171 2628 laudibus
1193 2561 1551 2641 extolleret,
1575 2562 1846 2645 quidam
1870 2561 1952 2626 de
1974 2561 2098 2626 illic
2119 2562 2468 2641 stantibus,
2489 2562 2591 2627 vir
2611 2563 2812 2628 indis-

214 2684 284 2735 20
327 2664 682 2747 ciplinatus
739 2667 805 2730 et
859 2662 1179 2746 dyscolus
1235 2661 1679 2746 petulantibus
1737 2666 1803 2725 et
1844 2660 2099 2727 lascivis
2143 2662 2412 2727 vocibus
2454 2662 2762 2728 infronite
2782 2664 2809 2702 ⁸

325 2764 565 2847 virgini
607 2763 929 2829 insultans
979 2762 1066 2827 ad
1115 2762 1294 2826 sinus
1345 2761 1655 2836 eiusdem,
1695 2781 1845 2845 quo,
1894 2765 1969 2826 ut
2017 2761 2258 2826 antea‘
2297 2762 2586 2841 memini,
2624 2768 2809 2828 veste

327 2862 854 2929 incontaminata
895 2863 1076 2926 vivos
1124 2860 1355 2925 detulit
1405 2861 1740 2938 carbones,
1786 2878 2055 2925 manum
2100 2861 2540 2939 temerariam,
2582 2861 2810 2926 volens

327 2962 492 3045 quid
512 2962 691 3026 intus
711 2961 946 3027 lateret
972 2959 1389 3043 perscrutari,
1410 2960 1719 3042 porrexit.
1743 2960 1869 3023 Ast
1898 2959 2076 3041 virgo
2105 2959 2517 3024 sanctissima
2546 2960 2816 3025 Glesne-

327 3061 476 3138 tis⁷,
504 3061 857 3126 luminibus
880 3061 947 3124 in
976 3059 1230 3124 caelum
1257 3059 1640 3133 sublimatis,
1662 3078 1794 3123 non
1823 3077 1987 3123 sono
2010 3058 2186 3123 vocis
2215 3058 2335 3123 sed
2363 3059 2576 3124 cordis
2603 3060 2812 3124 inten-

215 3189 288 3239 25
327 3162 515 3226 tione
565 3160 654 3226 ad
697 3159 1090 3225 Dominum⁸
1132 3158 1494 3235 clamitans,
1539 3158 1739 3240 ignee,
1772 3177 1937 3240 quos
1988 3156 2271 3222 inclusos
2300 3157 2549 3223 intacta
2586 3162 2772 3223 veste
2789 3158 2817 3195 ⁰

330 3261 829 3342 deportaverat,
857 3258 926 3322 in
959 3277 1076 3322 ora
1104 3257 1508 3321 illudentium
1530 3257 1679 3322 hinc
1706 3256 1859 3321 inde
1888 3257 2203 3321 stantium
2230 3260 2552 3339 tanquam
2584 3258 2815 3323 carbo-

324 3379 457 3425 nes
487 3358 938 3434 desolatoriOS,
967 3356 1289 3439 explicato
1318 3357 1485 3434 sinu,
1507 3355 1831 3438 dispersit.
1856 3354 1952 3420 De
1982 3356 2219 3438 quibus
2247 3356 2341 3419 sic
2368 3351 2696 3438 proiectis,
2721 3357 2814 3423 sic

330 3459 650 3541 expansis
678 3458 935 3541 ignibus
966 3456 1174 3521 foetor
1204 3455 1472 3538 quidam
1501 3455 1921 3537 gravissimus
1950 3454 2218 3537 pestifer
2248 3458 2314 3519 et
2334 3457 2815 3539 peremptorius

329 3577 461 3643 per
487 3558 870 3622 universum
895 3575 1110 3639 paene
1137 3556 1494 3620 exercitum
1523 3553 1872 3619 exhalavit.
1902 3553 2027 3632 Qui
2057 3573 2203 3619 cum
2236 3550 2507 3619 naribus
2548 3558 2618 3620 et
2643 3556 2818 3621 auri-

221 3684 290 3737 30
329 3659 465 3722 bus
487 3656 890 3740 singulorum
912 3655 1358 3737 inspiraretur,
1372 3654 1559 3738 quasi
1572 3654 1832 3718 divinae
1853 3653 2222 3718 severitatis
2242 3672 2322 3717 ac
2333 3654 2609 3719 meritae
2627 3655 2815 3720 ultio-

329 3757 445 3823 nis
471 3756 727 3839 gladius
756 3756 841 3820 de
863 3754 1043 3820 caelo
1073 3753 1369 3829 emissus,
1387 3754 1821 3828 inmomento,
1846 3753 1915 3817 in
1941 3752 2075 3816 ictu
2094 3751 2280 3830 oculi,
2305 3772 2537 3818 omnes
2547 3754 2815 3820 hostiles

329 3862 596 3924 turmas
624 3854 879 3932 stravit,
908 3858 975 3919 et
1002 3858 1078 3918 ut
1101 3854 1170 3918 in
1198 3852 1417 3918 densis
1445 3853 1862 3936 procerisque
1880 3851 1931 3890 ¹⁰
1957 3852 2335 3917 nemoribus
2376 3853 2649 3918 arbores
2697 3873 2819 3919 seu

331 3960 691 4021 ventorum
713 3952 959 4018 viribus
975 3956 1204 4017 erutae
1215 3971 1334 4016 seu
1352 3953 1400 3990 ¹¹
1416 3951 1772 4034 agrestium
1784 3952 1835 3990 ¹³
1844 3951 2178 4016 securibus
2201 3951 2491 4016 succisae
2512 3952 2634 4016 sibi
2658 3951 2820 4016 invi·

332 4074 492 4121 cem
515 4071 852 4119 connexae
880 4051 1007 4116 sibi
1025 4051 1414 4117 alterutrum
1426 4050 1477 4089 ¹⁸
1497 4047 1845 4132 apodiatae
1874 4049 2218 4128 velluntur,
2239 4050 2333 4114 sic
2361 4050 2818 4117 defunctorum

217 4179 294 4230 35
329 4157 488 4222 luce
506 4153 872 4219 carentium
892 4170 1187 4233 corpora,
1196 4154 1390 4232 prout
1407 4169 1701 4232 quosque
1714 4151 1765 4188 ¹⁴
1785 4149 2041 4228 illorum
2060 4149 2292 4215 mortis
2310 4150 2618 4232 propriae
2637 4149 2819 4215 nisus

332 4252 452 4319 vel
463 4253 637 4336 rigor
658 4249 1205 4334 deprehenderat,
1226 4249 1474 4332 passim
1495 4249 1662 4314 miro
1683 4248 1943 4313 divinae
1965 4248 2299 4330 potentiae
2320 4247 2594 4330 imperio
2610 4252 2822 4314 cater-

333 4497 413 4509 --
434 4467 459 4503 ⁸
479 4466 669 4537 puella
689 4467 763 4519 A.
788 4492 859 4503 —
880 4465 906 4499 ⁸
928 4464 1140 4518 Abhtnc
1168 4466 1540 4532 fraqmentum
1576 4468 1635 4516 in
1667 4465 1847 4517 codice
1879 4463 2299 4516 salmanticensi
2318 4462 2408 4530 (=
2428 4464 2512 4527 8).
2531 4490 2602 4502 —
2622 4462 2673 4497 ¹⁰
2691 4463 2822 4531 quia

331 4555 416 4608 Α.
433 4578 498 4590 -
524 4552 570 4585 ¹¹
591 4550 1064 4615 interrogaverant
1088 4547 1222 4600 S.—
1241 4547 1289 4581 ¹²
1310 4546 1437 4600 hinc
1461 4564 1561 4601 om.
1585 4547 1643 4601 S.
1661 4574 1724 4586 -
1747 4545 1792 4580 ¹⁸
1815 4545 2328 4610 conscientiaLM;
2343 4544 2677 4600 continentia
2698 4547 2822 4599 S.—

337 4636 393 4671 ¹⁸
416 4632 662 4688 versutia
678 4631 808 4685 AS.

421 4718 530 4770 18.
563 4743 628 4753 —-
655 4715 677 4749 ¹
699 4712 856 4780 virgo
882 4712 938 4765 S.
960 4740 1029 4751 —
1050 4711 1074 4746 ²
1095 4712 1213 4779 ipsa
1236 4714 1364 4765 add.
1382 4712 1586 4765 Ans.
1609 4737 1673 4747 —
1691 4712 1716 4746 ³
1738 4711 1839 4765 viri
1863 4711 1939 4764 M.
1963 4711 2072 4750 —⁴
2094 4711 2253 4765 illum
2269 4711 2325 4765 S.
2348 4711 2451 4750 -⁸
2469 4710 2529 4765 in
2550 4711 2731 4764 frome
2753 4713 2823 4765 Δ.

334 4832 414 4844 --
437 4799 461 4835 ⁸
483 4802 615 4852 ante
655 4801 723 4850 Δ.
743 4823 814 4835 -
837 4794 860 4829 ⁷
884 4793 1124 4848 Glenetis
1156 4795 1307 4848 AM.
1329 4822 1397 4833 —
1418 4795 1443 4828 ⁸
1467 4793 1642 4848 Deum
1679 4796 1834 4847 ΕΜ.
1855 4820 1923 4832 -
1946 4795 1970 4829 ⁹
1992 4793 2045 4858 (i.
2082 4799 2154 4856 r.)
2176 4809 2228 4846 v.
2250 4793 2285 4847 i.
2307 4794 2516 4847 ΑΜΒ.
2539 4820 2605 4833 -
2629 4793 2678 4826 ¹⁰
2699 4809 2822 4861 pro-

336 4882 488 4939 ceris
511 4885 666 4936 Δ.-·
687 4879 734 4913 ¹¹
753 4895 857 4931 om.
875 4877 1030 4931 JL—
1048 4877 1094 4910 ¹2
1110 4893 1212 4930 om.
1236 4877 1451 4931 HJ..—
1472 4877 1518 4910 ¹³
1535 4879 1596 4930 (3.
1610 4880 1679 4938 a.)
1700 4876 1911 4944 sibique
1932 4877 2149 4929 H.L.—
2167 4877 2215 4909 ¹⁴
2230 4875 2487 4943 qnodque
2507 4877 2590 4938 A,·
2605 4890 2822 4943 quoque
