3487 5450
720 564 867 637 316

1392 581 1970 634 HAGIOGRAPHICA
2023 580 2520 633 CARnEmTANA

1050 771 1411 842 Subsequitur
1450 772 1506 826 in
1540 771 1731 826 codice
1771 770 1956 840 sesqui
1992 769 2188 839 pagina
2216 786 2405 833 vacua,
2438 775 2722 839 tamquam
2758 786 2904 825 nova
2927 770 3198 826 miracula

984 872 1211 926 ulterius
1252 877 1556 941 receptura.
1598 870 1865 938 Prologus
1901 869 2081 924 innuit
2114 874 2396 924 auctorem
2421 868 2579 946 Vitae
2619 869 2785 923 fuisse
2807 869 3039 924 fratrem
3072 870 3200 925 Car·

984 972 1248 1027 melitam.
1289 971 1537 1025 Narratio
1572 975 1758 1025 autem
1808 970 2200 1024 miraculorum
2236 969 2376 1023 infra
2411 986 2615 1023 annum
2660 970 2790 1024 1385
2840 985 2952 1023 ιιοιι
2990 977 3202 1038 protn-

984 1072 1159 1135 hitur;
1180 1076 1236 1125 et
1258 1073 1312 1126 in
1335 1072 1636 1139 penultimo
1663 1070 1945 1133 miraculo,
1968 1069 2114 1138 quod
2140 1069 2247 1123 hoc
2271 1085 2417 1123 anno
2437 1074 2712 1138 patratum
2739 1075 2840 1132 est,
2861 1070 2939 1124 sic
2960 1070 3199 1125 curricu-

982 1172 1099 1225 lum
1121 1171 1262 1225 vitae
1283 1171 1426 1225 illius
1450 1171 1545 1240 qui
1568 1175 1792 1225 sanatus
1819 1174 1901 1224 est
1917 1169 2215 1224 delibatur:
2236 1172 2474 1236 Effectus
2492 1179 2568 1223 est
2585 1172 2768 1236 frater
2788 1172 2957 1225 Ιιιιὶιιε
2979 1173 3200 1225 ordinis

986 1281 1034 1325 et
1053 1273 1204 1325 valde
1222 1273 1512 1336 πηρῶσαι
1540 1288 1709 1339 usquc
1730 1272 1805 1323 ad
1830 1278 2069 1323 monem.
2092 1269 2175 1322 lta
2209 1269 2338 1322 satis
2362 1267 2658 1323 innotescit
2679 1285 2791 1337 quo
2826 1270 3043 1323 circiter
3064 1274 3204 1323 tem·

985 1384 1119 1436 pore
1145 1368 1282 1421 haec
1301 1368 1354 1423 S.
1374 1368 1582 1422 Alberti
1608 1366 1731 1420 Vita
1757 1366 2065 1434 conscripta
2088 1366 2176 1428 sit,
2194 1366 2416 1420 ineunte
2442 1365 2697 1420 nimirum
2716 1367 2938 1421 saeculo
2961 1366 3076 1422 XV.

1053 1469 1129 1521 Ex
1153 1468 1258 1521 hoc
1278 1468 1480 1531 libello,
1501 1472 1556 1520 et
1573 1467 1876 1520 secundum
1896 1466 2270 1519 recensionem
2293 1465 2455 1519 huius
2474 1466 2692 1528 codiciS,
2708 1483 2741 1519 a
2761 1467 2799 1520 Ι.
2814 1466 2955 1520 Rus
2973 1467 3203 1532 LmA,

989 1568 1286 1622 Annales...
1325 1569 1551 1620 Ordinis
1587 1568 1653 1620 B.
1687 1567 1751 1620 1'.
1780 1568 1853 1619 M.
1876 1567 1941 1619 de
1978 1566 2157 1618 Monte
2185 1566 2441 1629 Carmeli,
2479 1569 2518 1619 t.
2552 1564 2624 1619 1V
2649 1565 2885 1631 (Romae
2915 1568 3060 1633 1656,
3084 1567 3205 1633 fol.)

987 1667 1055 1721 ad
1098 1667 1335 1721 litteram
1376 1666 1666 1733 decerptae
1702 1670 1833 1719 sunt
1853 1664 2118 1734 plurimae
2144 1664 2453 1732 particulae,
2479 1664 2729 1718 videlicet
2767 1682 2815 1733 p.
2854 1666 2973 1728 326.
3011 1682 3062 1719 n.
3112 1668 3211 1732 10;

985 1780 1038 1832 p.
1063 1764 1267 1827 488-89,
1293 1780 1344 1817 n.
1368 1765 1427 1828 43
1470 1779 1521 1831 p.
1544 1764 1741 1827 47475,
1784 1778 1836 1817 n.
1859 1762 1908 1827 3,
1944 1762 2006 1825 ι1-;
2034 1778 2086 1830 p.
2110 1762 2224 1826 468,
2266 1778 2314 1815 n.
2343 1762 2403 1826 Ως
2447 1778 2496 1829 p.
2520 1763 2635 1826 475,
2658 1779 2712 1817 n.
2736 1764 2796 1825 4;
2838 1779 2891 1831 p.
2913 1763 3029 1829 481,
3072 1781 3127 1818 n.
3147 1764 3208 1828 Ως

984 1878 1031 1929 p.
1048 1863 1160 1926 4822,
1180 1862 1587 1929 n.3;p.519-20,
1607 1861 1727 1922 n.3;
1751 1876 1799 1929 p.
1817 1860 1931 1924 618,
1957 1861 2116 1923 n.”20;
2142 1876 2192 1927 p.
2215 1861 2329 1923 689,
2345 1876 2439 1913 nn.
2457 1862 2520 1914 10
2542 1865 2596 1913 et
2624 1862 2793 1923 tl;ct'.
2817 1861 2984 1915 etiam
3011 1864 3205 1931 p.719,

985 1963 1127 2016 nn.5
1150 1966 1203 2015 et
1225 1962 1273 2015 6.
1312 1960 1485 2029 Ipsius
1515 1960 1685 2014 libelli
1711 1959 1987 2028 epitomen
2024 1975 2280 2013 sermone
2315 1959 2489 2027 magis
2525 1960 2786 2027 castigato
2829 1962 3205 2030 conscriptam

985 2060 1205 2114 exhibet
1251 2059 1701 2127 Supplementum
1749 2058 1819 2111 ad
1868 2060 2171 2123 Lcyendam
2218 2077 2444 2112 aen-eam
2483 2058 2744 2113 Coloniae
2798 2076 2883 2113 an.
2929 2061 3057 2115 1483
3097 2061 3210 2115 edi·

986 2164 1113 2223 tam,
1153 2159 1277 2224 (sub
1302 2158 1462 2213 titulo
1505 2160 1761 2226 Hystort'e
1780 2159 2146 2225 plurimorum
2190 2167 2503 2211 sanctorum
2548 2160 2752 2212 not-iter
2774 2167 2820 2212 et
2844 2159 3115 2213 laboriose
3138 2178 3210 2214 a

987 2262 1221 2313 diversis
1244 2260 1405 2312 libris
1428 2261 1487 2312 in
1524 2276 1694 2311 unum
1732 2259 1976 2323 collecte),
2016 2256 2107 2310 fol.
2135 2256 2437 2311 ccccxxxi&
2456 2285 2523 2295 —
2552 2257 2640 2311 fol.
2668 2269 3001 2311 ccccxxxvi·.
3023 2258 3208 2326 Quod

985 2358 1161 2412 multo
1181 2358 1398 2426 parcius
1418 2357 1681 2411 miracula
1703 2373 1736 2410 a
1761 2356 1817 2410 Β.
1848 2357 2074 2410 Alberto
2100 2360 2225 2424 post
2249 2360 2482 2410 mortem
2510 2361 2723 2425 patrata
2745 2362 2978 2411 enarrat.

1050 2456 1221 2511 Porro
1258 2458 1304 2511 si
1328 2474 1454 2512 cum
1481 2457 1667 2511 codice
1693 2456 1814 2511 Vat.
1837 2457 1967 2511 3813
1989 2456 2348 2509 conferuntur
2376 2456 2514 2510 aliae
2539 2457 2591 2510 S.
2617 2457 2827 2511 Alberti
2847 2456 3024 2520 Vitae,
3055 2475 3205 2527 quae

985 2558 1137 2624 prelo
1169 2556 1505 2624 prodierunt,
1530 2556 1730 2611 nullius
1757 2556 1955 2623 negotii
1980 2561 2064 2609 est
2087 2571 2384 2622 agnoscere
2410 2572 2605 2609 omnes
2639 2571 2707 2609 ex
2733 2556 2841 2610 hoc
2864 2556 3209 2611 documento

986 2655 1139 2709 velut
1157 2671 1222 2709 ex
1244 2654 1396 2709 fonte
1414 2671 1517 2708 suo
1538 2653 1862 2723 primigenio
1885 2669 2154 2715 manasse,
2179 2653 2396 2707 inverso
2420 2652 2712 2722 aliquando
2747 2653 2955 2719 ordine,
2975 2655 3208 2709 mutatis
3321 2664 3327 2673 ⁴

990 2756 1179 2824 paucis
1223 2761 1278 2809 et
1302 2755 1524 2810 adiectis
1557 2754 1905 2824 quibusdam,
1942 2771 2084 2824 quae
2114 2753 2183 2807 ad
2223 2753 2528 2822 posteriora
2562 2753 2909 2821 potissimum
2950 2760 3212 2825 tempora

988 2854 1241 2909 videntur
1281 2859 1543 2922 spectare,
1585 2853 1661 2908 ita
1704 2853 1928 2922 quidem
1964 2857 2026 2908 ut
2066 2853 2231 2906 modo
2274 2869 2459 2916 unam,
2501 2853 2668 2907 modo
2708 2854 2936 2907 alteram
2981 2855 3212 2923 propius

990 2954 1058 3007 ad
1084 2960 1271 3023 typum
1313 2954 1574 3008 accedere
1616 2953 1836 3007 dixeris,
1871 2952 2095 3021 Propius
2119 2953 2328 3006 accedit
2363 2954 2412 3016 1)
2441 2952 2565 3007 Vita
2588 2970 2621 3007 a
2649 2952 2934 3007 Vincentio
2957 2954 3210 3010 Barbaro

990 3058 1301 3117 retractata,
1327 3054 1566 3122 primum
1587 3052 1847 3107 Panormi
1873 3068 2018 3106 anno
2058 3053 2184 3106 1537
2211 3053 2429 3120 vulgata
2454 3057 2510 3107 et
2533 3052 2731 3106 exinde
2753 3053 2952 3108 iterum
2973 3054 3060 3108 ed.
3085 3057 3212 3110 Act.

995 3154 1113 3216 SS„
1135 3154 1203 3207 ad
1230 3153 1283 3207 d.
1305 3153 1335 3205 7
1361 3169 1498 3221 aug„
1522 3157 1561 3205 t.
1581 3152 1642 3215 11,
1660 3169 1711 3220 p.
1734 3153 1970 3212 226-235.
1993 3152 2090 3205 sed
2114 3151 2357 3205 sistendo
2376 3151 2433 3206 in
2457 3167 2508 3205 ιι.
2534 3153 2616 3213 38,
2639 3152 2710 3206 ad
2735 3153 2935 3207 verba:
2957 3154 3214 3231 Fuerunt

994 3262 1041 3306 et
1068 3255 1124 3305 id
1144 3271 1316 3320 oenus
1332 3255 1535 3320 plura„-
1558 3252 1668 3306 iam
1695 3252 1868 3321 magis
1891 3252 2163 3319 discrepat
2196 3252 2247 3312 2)
2281 3250 2407 3306 Vita
2443 3251 2641 3306 tradita
2677 3268 2775 3320 per
2794 3252 3213 3308 Theodoricum

994 3351 1062 3405 de
1088 3351 1257 3421 Aquis
1283 3355 1337 3404 et
1360 3351 1443 3405 ed.
1462 3350 1607 3420 apud
1632 3350 1900 3405 Damam(
1921 3368 1955 3404 Α
1980 3349 2200 3404 Vmom:
2222 3350 2418 3416 Manu,
2443 3352 2726 3419 Speculum
2757 3352 3215 3418 Car-melltanum,

995 3456 1031 3508 t.
1055 3451 1120 3515 11,
1145 3457 1296 3520 parte
1321 3467 1372 3516 11,
1392 3468 1443 3519 p.
1462 3451 1693 3506 631-642.
1718 3450 1874 3518 Quae
1895 3457 2079 3506 autem
2103 3467 2169 3505 ex
2193 3451 2381 3505 codice
2405 3450 2670 3505 Vaticano
2694 3452 2885 3505 Daniel
2918 3469 2953 3506 a
2988 3451 3215 3521 Virgine

996 3551 1164 3605 Maria
1183 3551 1239 3604 in
1260 3550 1386 3604 Vita
1402 3550 1838 3604 Theodoriciana
1858 3550 2168 3615 immiscuit,
2190 3550 2326 3604 haec
2349 3566 2382 3603 a
2399 3550 2631 3615 Lezana,
2654 3552 2691 3605 l.
2709 3567 2774 3612 c..
2796 3556 3078 3607 mutuatus
3101 3558 3214 3618 est;

997 3651 1239 3705 maxime
1258 3651 1480 3704 tandem
1506 3649 1712 3705 recedit
1731 3650 1785 3716 3)
1800 3649 1939 3713 Vita,
1963 3655 2184 3704 auctore
2201 3649 2276 3703 lo.
2292 3649 2359 3703 Μ.
2376 3649 2443 3703 de
2464 3649 2694 3704 Poluciis
2709 3651 2799 3717 (1),
2814 3666 2984 3719 quam
3000 3649 3214 3716 surius,

1000 3749 1126 3803 stilo
1160 3749 1444 3817 perpolito,
1480 3748 1550 3802 ad
1573 3748 1722 3802 diem
1758 3749 1787 3801 7
1813 3747 2031 3815 augusti
2054 3747 2222 3802 edidit
2233 3769 2246 3813 ;
2282 3748 2380 3802 sed
2404 3765 2436 3801 a
2467 3746 2645 3812 Surio,
2672 3753 2732 3802 ut
2753 3749 2865 3816 ipse
2887 3749 2959 3803 ad
2996 3749 3215 3805 calcem

1001 3853 1172 3913 notat,
1195 3850 1353 3917 plura
1370 3849 1632 3903 miracula
1651 3848 1930 3902 brevitatis
1950 3848 2133 3901 studio
2152 3848 2355 3902 omissa
2372 3852 2514 3902 sunt.
2533 3848 2763 3904 Summa
2779 3853 2965 3903 autem
2988 3849 3219 3905 diversi·

1002 3953 1086 4002 tas
1106 3947 1249 4016 apud
1272 3953 1524 4003 auctores
1547 3947 1784 4001 occurrit
1800 3947 1855 4002 in
1875 3947 2292 4013 determinando
2311 3952 2576 4016 tempore,
2593 3963 2704 4016 quo
2722 3947 2977 4002 Albertus
2999 3949 3138 4003 obiit
3158 3954 3217 4004 et

1001 4062 1110 4115 quo
1134 4045 1347 4113 singula
1370 4049 1586 4114 patrata
1609 4049 1736 4099 sunt
1760 4043 2043 4099 miracula.
2066 4043 2308 4098 Dubitari
2332 4044 2569 4114 denique
2597 4049 2777 4112 potest
2799 4061 2869 4099 an
2893 4044 3011 4114 ipse
3034 4045 3216 4101 codex

1001 4144 1120 4200 Vat.
1153 4145 1287 4198 3813
1311 4144 1694 4213 primigenium
1728 4148 1942 4198 textum
1976 4143 2047 4197 ad
2083 4143 2347 4198 amussim
2372 4149 2772 4213 repraesentem
2796 4144 2866 4199 ad
2889 4144 3037 4199 hunc
3060 4145 3217 4200 enim

999 4244 1272 4314 pertinere
1289 4244 1543 4299 videntur
1564 4260 1773 4312 paucae
1793 4244 2065 4313 quaedam
2088 4243 2310 4298 notitiae
2332 4260 2470 4313 quas
2493 4244 2659 4298 ceteri
2697 4244 3082 4312 compilatores
3104 4247 3220 4302 col·

1001 4345 1250 4412 legerunt
1273 4349 1327 4398 et
1365 4360 1507 4413 quae
1548 4344 1604 4397 in
1628 4342 1890 4398 Vaticano
1931 4343 2230 4413 exemplari
2269 4343 2481 4398 desunt.
2515 4343 2795 4412 Integrum
2817 4344 3246 4400 documentum.

1000 4443 1142 4497 infra
1166 4443 1409 4497 edemus.

807 4618 880 4683 (1)
901 4617 981 4671 De
1005 4617 1114 4672 hoc
1136 4617 1322 4671 libello
1349 4618 1679 4671 Bibliotheca
1709 4618 2100 4677 car-melitana,
2126 4621 2169 4671 t.-
2191 4617 2257 4683 ΙΙ,
2282 4618 2382 4672 col.
2409 4618 2491 4681 50,
2515 4617 2683 4672 refert
2705 4634 2738 4671 a
2764 4616 3012 4673 Iohanne
3037 4619 3106 4674 Μ.
3145 4621 3222 4676 de

738 4700 973 4755 Polueiis
995 4700 1277 4768 vulgatam
1301 4716 1423 4754 esse
1451 4701 1473 4725 ⁸
1504 4698 1680 4753 Vitam
1707 4699 1758 4753 S.
1787 4698 1997 4754 Alberti
2023 4699 2371 4768 Drepanitani
2398 4699 2742 4765 carmelitae,
2767 4698 2881 4755 Lib.
2911 4700 2952 4766 1,
2977 4700 3221 4758 venetiis

743 4783 942 4850 ,1499,
980 4783 1130 4837 in·8⁰.
1174 4783 1336 4837 Extat
1374 4783 1519 4851 apud
1558 4782 1617 4836 l...
1656 4782 1894 4837 Surium.
1941 4783 2205 4837 Exstabat
2239 4783 2370 4837 olim
2415 4799 2513 4837 ms.
2559 4782 2703 4851 apud
2752 4782 2824 4837 Io.
2870 4783 3217 4853 Balaeum..

737 4867 842 4922 Sed
869 4866 977 4921 boc
1006 4867 1268 4920 volumen
1306 4865 1716 4933 bibliographos
1749 4865 2053 4920 editionum
2108 4882 2247 4920 saec.
2297 4865 2394 4919 XV
2440 4865 2599 4921 latuit
2643 4871 2700 4921 et
2737 4866 2939 4921 frustra
2978 4884 3012 4922 a
3052 4869 3222 4925 nobis

738 4950 1073 5020 exquisitum
1097 4954 1183 5003 est
1204 4949 1460 5014 Venetiis,
1480 4949 1692 5003 Romae
1711 4954 1769 5004 et
1785 4949 1928 5004 alibi.
