3487 5450
1077 593 1173 646 ax
1222 596 1382 649 con.
1437 551 1790 679 ranclano
1841 588 1993 648 38⁴3.
2632 574 2777 647 3923

302 785 608 850 omnibus
628 785 831 851 sacris
854 785 1158 853 Messana
1184 788 1446 854 civitate
1471 806 1592 870 per
1609 785 2103 853 obhedientiam
2125 786 2464 851 ordinatur
2495 787 2606 870 (1).
2652 786 2780 851 Ubi

304 888 372 950 et
400 886 553 951 alibi
574 887 642 951 in
669 887 804 951 vita
832 887 1078 969 pariter
1107 891 1173 953 et
1201 892 1353 971 post
1375 891 1657 953 mortem
1685 883 1821 951 non
1847 887 2106 951 modica
2128 887 2560 952 admiratione
2583 887 2779 970 digna

215 1010 219 1013 “
305 984 481 1051 Deus
503 1005 621 1068 per
649 1005 800 1051 eum
830 986 1144 1052 miracula
1165 991 1265 1053 est
1297 991 1629 1070 operatus.
1653 984 1839 1063 Quae
1865 989 2016 1068 post
2045 986 2182 1050 eius
2205 986 2459 1050 obitum
2495 986 2782 1069 singula-

304 1084 404 1149 ria
427 1085 714 1168 quedam
743 1085 979 1150 clarius
1002 1086 1489 1169 explicabimus.
2019 1163 2026 1171 ⁴

236 1201 269 1251 5
395 1191 504 1249 12.
548 1185 821 1250 Factum
871 1189 970 1250 est
1008 1186 1100 1267 (2)
1143 1190 1367 1251 autem
1415 1205 1566 1275 cum
1614 1184 2207 1268 adpropinquasset
2248 1183 2336 1249 ad
2377 1184 2778 1267 decrepitam

306 1286 553 1349 etatem
583 1288 650 1348 et
676 1288 873 1349 antea
902 1285 1307 1368 temporibus
1335 1284 1557 1349 multis
1584 1282 2073 1349 infirmitatibus
2103 1288 2496 1365 aggravatus
2531 1284 2778 1363 fuisset,

305 1381 376 1447 in
405 1382 640 1465 quibus
669 1382 881 1449 Deum
916 1384 1236 1449 actentius
1274 1384 1774 1466 deprecabatur,
1818 1387 2141 1466 quatenus
2171 1383 2259 1448 ad
2286 1402 2477 1448 suum
2509 1403 2782 1448 cenacu-

306 1482 443 1547 lum
485 1483 810 1548 advocare
852 1483 1158 1566 placeret,
1210 1483 1432 1561 dicens
1462 1506 1480 1548 :
1508 1482 1596 1547 Et
1653 1484 1710 1546 si
1753 1485 2018 1567 proprio
2056 1483 2191 1564 filio
2241 1490 2347 1546 tuo
2403 1483 2778 1548 voluntatem

305 1602 491 1646 suam
522 1581 870 1665 ada'mplere
896 1603 1021 1646 non
1043 1584 1417 1666 permisisti,
1446 1582 1554 1647 sed
1580 1589 1759 1646 tuam
1794 1582 2137 1660 mandasti,
2172 1581 2307 1646 ideo
2349 1602 2477 1645 non
2505 1604 2643 1647 mea
2674 1584 2782 1647 sed

207 1694 271 1745 ⁴0
305 1686 420 1744 tua
443 1680 732 1744 voluntas
757 1679 894 1762 fiat.
928 1680 1098 1745 Dum
1127 1680 1554 1746 sicorationis
1579 1681 1833 1746 fervore
1855 1684 1922 1745 et
1943 1680 2160 1763 potius
2181 1681 2249 1744 in
2271 1681 2491 1746 extaxi
2513 1686 2781 1759 astaret,

307 1780 636 1845 audivisse
686 1781 1012 1846 cernitur:
1053 1779 1380 1845 Consortio
1408 1788 1774 1845 sanctornm
1806 1786 1920 1844 tua
1950 1780 2333 1865 adiunqetur
2371 1781 2614 1862 anima,
2637 1772 2782 1844 corz·

302 1880 616 1962 fessorum
668 1879 921 1944 ordines
959 1880 1267 1963 yloriosos
1296 1880 1588 1944 ascendes
1616 1879 1982 1960 letabunda,
2011 1880 2145 1943 sine
2168 1880 2295 1961 fine
2319 1879 2452 1944 Deo
2478 1880 2782 1962 fruenda.

304 1979 492 2044 Tunc
529 1980 739 2060 magis
788 1978 1155 2061 psalmodia
1197 1983 1709 2062 sanctorumque
1753 1983 2021 2062 patrum
2070 1979 2448 2062 perlegebat
2498 1979 2783 2057 oracula,

308 2078 528 2143 di‘vina
597 2078 888 2143 misteria
945 2079 1416 2161 contemplans,
1484 2079 1588 2159 ad,
1630 2078 1960 2161 Virginem
2018 2078 2235 2143 votiva
2307 2078 2785 2163 colloquutione

209 2189 273 2238 45
310 2177 691 2242 delectatur.
743 2176 910 2243 Cum
960 2178 1152 2261 igitur
1202 2178 1378 2271 diem
1426 2189 1543 2243 sue
1594 2177 2035 2243 dissolutionis
2085 2178 2442 2260 spiratione
2499 2198 2785 2261 superna

312 2277 845 2361 appropinquare
893 2282 1207 2356 cerneret,
1259 2277 1357 2342 vir
1404 2282 1670 2343 sanctus
1728 2277 1966 2343 fratres
2023 2278 2305 2343 advocat
2359 2282 2426 2342 et
2482 2279 2784 2361 exemplo

310 2380 689 2442 sanctorum
743 2381 1009 2460 patrum
1068 2396 1197 2451 eos*
1246 2376 1592 2463 mitissima
1653 2396 1814 2442 voce
1872 2376 2221 2460 alloquitur
2278 2397 2427 2443 cum
2487 2378 2783 2461 apostolo

314 2477 574 2542 dicens:
604 2475 803 2560 Cupio
832 2476 1092 2540 dissolvi
1113 2484 1168 2541 et
1196 2496 1322 2541 esse
1354 2497 1494 2539 cum
1526 2476 1798 2541 Christe.
1824 2479 1859 2517 *
1891 2476 1971 2541 Et
1996 2477 2417 2559 prophetavit
2445 2477 2784 2560 inquiens:

313 2575 439 2641 Die
480 2578 603 2641 ista
646 2596 774 2661 qua
822 2575 1002 2640 labili
1037 2577 1167 2639 vita
1202 2575 1503 2659 funqitur
1542 2576 1813 2659 spiritus
1840 2596 2032 2657 meus,
2078 2596 2119 2638 a
2165 2574 2445 2639 demonis
2473 2576 2785 2660 eryastulo

211 2683 277 2736 20
313 2675 701 2756 liberabitur,
745 2683 815 2740 ut
855 2675 1182 2760 diriyatur
1214 2674 1303 2739 ad
1332 2675 1664 2740 domt'mtm
1694 2676 1805 2761 qui
1831 2675 2063 2740 creavit
2094 2675 2294 2739 illum.
2324 2673 2532 2741 Simul
2559 2682 2616 2740 et
2643 2696 2791 2739 cum

310 2778 421 2841 illo
449 2778 670 2840 anima
699 2776 941 2841 sororis
978 2796 1101 2840 mee
1141 2775 1321 2840 hodie
1364 2774 1442 2839 ab
1484 2774 1604 2839 hac
1640 2777 1773 2838 υἱέα
1815 2773 2325 2860 transmi9rabit,·
2353 2777 2532 2839 cuius
2563 2777 2788 2839 anima

312 2878 396 2941 sit
422 2883 480 2940 et
505 2896 642 2939 mea
668 2877 886 2940 vestris
912 2876 1098 2939 iustis
1117 2874 1413 2958 precibus
1442 2874 1903 2939 commendata.

402 2983 517 3040 13.
548 2975 714 3040 Ecce
735 2975 1037 3039 miranda
1057 2975 1448 3057 predicatio!
1477 2974 1757 3039 Nunctio
1786 2977 2047 3039 terreno
2075 2992 2209 3038 non
2235 2974 2482 3052 habit0,
2505 2975 2791 3057 predixit

313 3074 397 3139 de
422 3065 635 3139 morte
664 3074 931 3148 sororis:
964 3093 1132 3157 quae
1183 3074 1303 3139 fuit
1351 3093 1537 3139 soror
1564 3074 1636 3138 in
1673 3092 1946 3157 corpore
1983 3073 2234 3151 matriS,
2278 3073 2353 3138 fit
2377 3076 2675 3140 consotia
2724 3076 2789 3140 in

208 3187 276 3239 25
312 3174 728 3256 separatione
756 3173 975 3237 anime
1002 3192 1043 3237 a
1079 3192 1351 3256 corpore
1380 3176 1447 3238 et
1492 3174 1558 3237 in
1600 3173 2052 3238 coniunctione
2095 3172 2296 3255 ipsius
2328 3172 2415 3237 ad
2449 3173 2678 3239 Deum.
2709 3175 2789 3239 Et

312 3273 405 3338 sic
431 3276 766 3355 repertum
809 3275 930 3347 est,
958 3290 1109 3336 cum
1136 3275 1363 3336 tamen
1404 3276 1624 3336 essent
1675 3268 1997 3336 distantes
2047 3271 2181 3336 fere
2225 3290 2344 3353 per
2387 3271 2674 3354 dugenta
2724 3277 2791 3337 et

311 3372 655 3453 sexaginta
687 3372 777 3454 (3)
800 3371 1093 3436 miliaria.
1121 3369 1309 3436 Circa
1331 3390 1486 3435 vero
1515 3371 1750 3436 horam
1778 3371 2223 3453 vespertinam
2249 3369 2612 3436 dominicae
2642 3372 2788 3448 diei,

316 3491 447 3555 qua
477 3470 771 3536 similiter
800 3474 994 3535 natus
1016 3469 1232 3535 fuerat
1260 3470 1370 3554 (4),
1401 3470 1499 3535 vir
1528 3470 1645 3534 Dei
1671 3489 1821 3534 curn
1844 3469 2293 3550 genuflexione
2315 3470 2384 3534 in
2412 3471 2630 3536 medio
2663 3471 2794 3536 fra-

313 3574 491 3636 trum
520 3570 849 3653 Virginem
877 3570 946 3634 in
967 3569 1287 3635 auxilium
1308 3569 1639 3634 advocans
1668 3569 1762 3635 sic
1790 3570 2034 3634 oravit:
2059 3568 2309 3650 Maria,
2337 3578 2540 3634 mater
2563 3572 2792 3656 qratie,

210 3683 273 3736 30
312 3677 514 3735 ntater
544 3668 985 3750 ›Mser-icordie,
1015 3667 1087 3733 tic
1130 3689 1225 3732 me
1275 3668 1354 3732 ab
1382 3662 1551 3733 hoste
1565 3675 1835 3752 proteye.
1867 3667 1949 3732 In
1977 3667 2135 3732 hora
2165 3671 2387 3732 mortis
2415 3690 2512 3733 me
2530 3671 2791 3754 suscipe.

312 3769 674 3852 Deinceps:
714 3768 898 3849 Deus,
928 3770 997 3831 in
1026 3770 1279 3832 nomine
1304 3776 1410 3832 tuo
1437 3768 1682 3833 salvum
1728 3789 1826 3832 me
1850 3768 1963 3850 fae
2007 3775 2064 3833 et
2092 3770 2162 3831 in
2209 3769 2432 3833 virtute
2454 3776 2566 3833 tua
2594 3768 2793 3833 libera

310 3890 408 3933 me
436 3873 559 3935 etc.
589 3868 867 3933 Postea:
894 3868 1070 3947 Inte,
1101 3868 1390 3949 Domine,
1420 3870 1691 3953 speravi,
1720 3887 1852 3932 non
1879 3867 2249 3949 confundar
2269 3869 2339 3931 in
2361 3876 2638 3933 eternum
2669 3874 2791 3934 etc.

311 3970 567 4034 Ambos
594 3967 937 4051 perficiens
966 3969 1056 4050 (5)
1094 3971 1160 4032 et
1197 3967 1332 4032 alta
1368 3986 1529 4033 voce
1572 3968 1804 4032 finiens
1847 3967 2153 4032 clamavit
2183 3989 2198 4030 ε
2242 3966 2324 4031 In
2368 3987 2598 4032 manus
2625 3974 2793 4048 tuas,

312 4069 608 4146 Domine,
635 4066 995 4131 com-mendo
1028 4055 1328 4151 spiritam
1384 4088 1610 4130 meum.
1653 4067 1736 4131 Et
1771 4085 1920 4131 cum
1969 4068 2089 4131 hec
2129 4066 2418 4146 dixisset,
2454 4068 2793 4133 orantibus

212 4185 291 4238 35.
318 4166 650 4242 fratribuS,
679 4164 902 4229 anima
928 4164 1139 4229 sancti
1166 4164 1287 4229 viri
1318 4164 1507 4247 quasi
1529 4164 1771 4229 nebula
1800 4164 2080 4229 candida
2107 4184 2236 4229 uno
2269 4165 2490 4229 volatu
2510 4166 2651 4230 visa
2694 4169 2796 4230 est

308 4265 630 4331 scandere
660 4263 888 4341 celum,
926 4262 1232 4345 angelicis
1260 4263 1596 4345 spiritibus
1643 4264 1992 4329 beatorum
2034 4264 2300 4341 sociata,
2330 4264 2569 4328 auditis
2618 4264 2797 4330 clara

309 4385 467 4432 voce
496 4361 1208 4430 cantantibus:lustum
1231 4362 1495 4443 deduxit
1509 4363 1829 4428 Dominus
1845 4384 1961 4446 per
1986 4364 2151 4427 viam
2180 4371 2413 4427 rectam
2443 4371 2498 4428 et
2528 4364 2794 4428 ostendit

371 4555 447 4620 (1)
482 4553 574 4609 Sic
596 4569 819 4623 quoque
852 4553 910 4607 in
932 4553 1149 4607 ceteris.
1184 4552 1293 4608 Sed
1316 4517 1453 4608 dum
1478 4554 1601 4609 cod.
1626 4530 1926 4609 Vaticanus
1950 4553 2075 4608 ilico
2100 4558 2337 4608 mortem
2369 4553 2514 4609 beati
2539 4527 2796 4610 enarrare

309 4637 514 4706 incipit,
548 4642 633 4691 2-5
654 4635 856 4690 sistunt
877 4637 933 4690 in
969 4637 1309 4706 exponendis
1330 4636 1543 4706 aliquot
1564 4636 1858 4691 miraculis.
1884 4664 1946 4676 —
1987 4638 2060 4703 (Ξ)
2093 4637 2221 4705 Cap.
2264 4638 2428 4702 12-15,
2452 4638 2523 4691 ad
2547 4638 2797 4712 verbum,

313 4721 523 4776 omiaea
555 4725 746 4774 tamen
779 4719 968 4773 ultima
1003 4719 1208 4788 phrasi,
1243 4720 1327 4773 ed.
1350 4725 1381 4774 1
1393 4739 1416 4785 ,·
1442 4719 1705 4788 -proxime
1727 4724 1915 4774 autem
1939 4720 2151 4774 accedit
2172 4726 2220 4784 2,
2243 4724 2301 4786 4,·
2326 4721 2449 4788 plus
2472 4720 2726 4774 minusve
2748 4726 2800 4778 3,
2904 4779 2912 4790 .

310 4811 360 4859 5.
392 4835 461 4846 --
499 4803 573 4871 (3)
617 4804 1029 4870 Quinquaqinta
1059 4806 1094 4856 3
1124 4804 1203 4868 (n.
1242 4804 1340 4867 19).
1380 4830 1448 4856 —.
1498 4802 1573 4869 (4)
1620 4803 1996 4865 (Domim‘cae-
2017 4805 2224 4870 fuerat)
2270 4818 2380 4858 om.
2416 4808 2464 4868 2,
2498 4808 2548 4868 3,
2571 4808 2619 4868 4,
2643 4808 2691 4856 5.
2730 4830 2790 4844 —·

313 4888 386 4953 (5)
407 4887 575 4951 (Cum
595 4887 971 4953 qenuflexione
990 4912 1011 4925 ·
1031 4886 1336 4953 perficiens)
1364 4885 1504 4939 haec
1529 4885 1814 4953 paululum
1836 4886 1991 4940 aliter
2014 4889 2387 4953 exposuerunt
2406 4891 2456 4952 3,
2483 4891 2532 4951 4,
2561 4892 2610 4951 5,
2646 4901 2801 4939 cons·

316 4969 706 5024 tantiinterse
729 4967 930 5030 modo;
955 4983 1063 5022 om.
1097 4973 1147 5021 2.

2932 2480 2961 2510 ⁴
2987 2480 3022 2535 f.
3053 2481 3131 2535 18.
