<?xml version="1.0" encoding="UTF-8"?>
<!DOCTYPE html PUBLIC "-//W3C//DTD XHTML 1.0 Transitional//EN"
    "http://www.w3.org/TR/xhtml1/DTD/xhtml1-transitional.dtd">
<html xmlns="http://www.w3.org/1999/xhtml" xml:lang="en" lang="en">
 <head>
  <title>
</title>
<meta http-equiv="Content-Type" content="text/html;charset=utf-8" />
  <meta name='ocr-system' content='tesseract 3.04.00' />
  <meta name='ocr-capabilities' content='ocr_page ocr_carea ocr_par ocr_line ocrx_word'/>
</head>
<body>
  <div class='ocr_page' id='page_1' title='image "analectabolland01bollgoog_0107.png"; bbox 0 0 3487 5450; ppageno 0'>
   <div class='ocr_carea' id='block_1_1' title="bbox 758 990 2288 1061">
    <p class='ocr_par' dir='ltr' id='par_1_1' title="bbox 758 990 2288 1061">
     <span class='ocr_line' id='line_1_1' title="bbox 758 990 2288 1061; baseline 0.003 -4"><span class='ocrx_word' id='word_1_1' title='bbox 758 990 981 1058; x_wconf 72' lang='lat' dir='ltr'><strong><em>:DE</em></strong></span> <span class='ocrx_word' id='word_1_2' title='bbox 1068 991 2288 1061; x_wconf 73' lang='lat' dir='ltr'>LEGENDAR10</span> 
     </span>
    </p>
   </div>
   <div class='ocr_carea' id='block_1_2' title="bbox 499 1170 2537 1337">
    <p class='ocr_par' dir='ltr' id='par_1_2' title="bbox 499 1170 2537 1337">
     <span class='ocr_line' id='line_1_2' title="bbox 499 1170 2537 1337; baseline 0.001 -2"><span class='ocrx_word' id='word_1_3' title='bbox 499 1170 2537 1337; x_wconf 73' lang='lat' dir='ltr'>WINDBERGENSI</span> 
     </span>
    </p>
   </div>
   <div class='ocr_carea' id='block_1_3' title="bbox 271 1660 2763 2836">
    <p class='ocr_par' dir='ltr' id='par_1_3' title="bbox 271 1660 2763 2836">
     <span class='ocr_line' id='line_1_3' title="bbox 374 1660 2756 1750; baseline 0.001 -24"><span class='ocrx_word' id='word_1_4' title='bbox 374 1660 536 1726; x_wconf 84' lang='lat' dir='ltr'><strong><em>Cum</em></strong></span> <span class='ocrx_word' id='word_1_5' title='bbox 581 1670 727 1728; x_wconf 85' lang='lat' dir='ltr'><strong><em>ante</em></strong></span> <span class='ocrx_word' id='word_1_6' title='bbox 768 1663 1010 1749; x_wconf 81' lang='lat' dir='ltr'><strong><em>aliquot</em></strong></span> <span class='ocrx_word' id='word_1_7' title='bbox 1051 1685 1253 1729; x_wconf 88' lang='lat' dir='ltr'><strong><em>annos</em></strong></span> <span class='ocrx_word' id='word_1_8' title='bbox 1294 1664 1533 1730; x_wconf 88' lang='lat' dir='ltr'><strong><em>codices</em></strong></span> <span class='ocrx_word' id='word_1_9' title='bbox 1577 1665 1969 1750; x_wconf 77' lang='lat' dir='ltr'><strong><em>Leqendarii</em></strong></span> <span class='ocrx_word' id='word_1_10' title='bbox 2024 1664 2525 1750; x_wconf 76' lang='lat' dir='ltr'><strong><em>Windberqensis</em></strong></span> <span class='ocrx_word' id='word_1_11' title='bbox 2563 1662 2756 1728; x_wconf 80' lang='lat' dir='ltr'><strong><em>obiter</em></strong></span> 
     </span>
     <span class='ocr_line' id='line_1_4' title="bbox 271 1761 2750 1849; baseline 0.001 -25"><span class='ocrx_word' id='word_1_12' title='bbox 271 1761 788 1846; x_wconf 79' lang='lat' dir='ltr'><strong><em>pervolveremus,</em></strong></span> <span class='ocrx_word' id='word_1_13' title='bbox 849 1763 1251 1828; x_wconf 81' lang='lat' dir='ltr'><strong><em>mirabamur</em></strong></span> <span class='ocrx_word' id='word_1_14' title='bbox 1313 1785 1438 1829; x_wconf 85' lang='lat' dir='ltr'><strong><em>non</em></strong></span> <span class='ocrx_word' id='word_1_15' title='bbox 1490 1785 1746 1849; x_wconf 87' lang='lat' dir='ltr'><strong><em>paucas</em></strong></span> <span class='ocrx_word' id='word_1_16' title='bbox 1803 1766 1868 1827; x_wconf 88' lang='lat' dir='ltr'><strong><em>in</em></strong></span> <span class='ocrx_word' id='word_1_17' title='bbox 1918 1784 1986 1828; x_wconf 92' lang='lat' dir='ltr'><strong><em>eo</em></strong></span> <span class='ocrx_word' id='word_1_18' title='bbox 2033 1766 2338 1828; x_wconf 76' lang='lat' dir='ltr'><strong><em>contineri</em></strong></span> <span class='ocrx_word' id='word_1_19' title='bbox 2391 1772 2750 1827; x_wconf 84' lang='lat' dir='ltr'><strong><em>sanctorum</em></strong></span> 
     </span>
     <span class='ocr_line' id='line_1_5' title="bbox 279 1860 2758 1949; baseline 0 -24"><span class='ocrx_word' id='word_1_20' title='bbox 279 1860 643 1943; x_wconf 76' lang='lat' dir='ltr'><strong><em>Passiones,</em></strong></span> <span class='ocrx_word' id='word_1_21' title='bbox 684 1883 905 1947; x_wconf 74' lang='lat' dir='ltr'><strong><em>easque</em></strong></span> <span class='ocrx_word' id='word_1_22' title='bbox 941 1863 1075 1945; x_wconf 81' lang='lat' dir='ltr'><strong><em>fere</em></strong></span> <span class='ocrx_word' id='word_1_23' title='bbox 1117 1885 1242 1928; x_wconf 83' lang='lat' dir='ltr'><strong><em>non</em></strong></span> <span class='ocrx_word' id='word_1_24' title='bbox 1287 1865 1373 1928; x_wconf 93' lang='lat' dir='ltr'><strong><em>ita</em></strong></span> <span class='ocrx_word' id='word_1_25' title='bbox 1419 1865 1729 1948; x_wconf 80' lang='lat' dir='ltr'><strong><em>prolixas,</em></strong></span> <span class='ocrx_word' id='word_1_26' title='bbox 1761 1884 1922 1949; x_wconf 82' lang='lat' dir='ltr'><strong><em>quae</em></strong></span> <span class='ocrx_word' id='word_1_27' title='bbox 1964 1885 2007 1927; x_wconf 90' lang='lat' dir='ltr'><strong><em>a</em></strong></span> <span class='ocrx_word' id='word_1_28' title='bbox 2047 1864 2252 1928; x_wconf 82' lang='lat' dir='ltr'><strong><em>solitis</em></strong></span> <span class='ocrx_word' id='word_1_29' title='bbox 2289 1862 2556 1927; x_wconf 71' lang='lat' dir='ltr'><strong><em>textibus</em></strong></span> <span class='ocrx_word' id='word_1_30' title='bbox 2594 1864 2758 1927; x_wconf 82' lang='lat' dir='ltr'><strong><em>satis</em></strong></span> 
     </span>
     <span class='ocr_line' id='line_1_6' title="bbox 281 1959 2759 2048; baseline 0.001 -25"><span class='ocrx_word' id='word_1_31' title='bbox 281 1959 736 2044; x_wconf 70' lang='lat' dir='ltr'><strong><em>discreparent,</em></strong></span> <span class='ocrx_word' id='word_1_32' title='bbox 763 1963 980 2046; x_wconf 75' lang='lat' dir='ltr'><strong><em>quales</em></strong></span> <span class='ocrx_word' id='word_1_33' title='bbox 1005 1963 1106 2027; x_wconf 74' lang='lat' dir='ltr'><strong><em>illi</em></strong></span> <span class='ocrx_word' id='word_1_34' title='bbox 1132 1965 1255 2028; x_wconf 78' lang='lat' dir='ltr'><strong><em>sive</em></strong></span> <span class='ocrx_word' id='word_1_35' title='bbox 1285 1965 1517 2048; x_wconf 75' lang='lat' dir='ltr'><strong><em>inteyri</em></strong></span> <span class='ocrx_word' id='word_1_36' title='bbox 1544 1965 1670 2028; x_wconf 71' lang='lat' dir='ltr'><strong><em>sice</em></strong></span> <span class='ocrx_word' id='word_1_37' title='bbox 1701 1965 1772 2026; x_wconf 82' lang='lat' dir='ltr'><strong><em>iu</em></strong></span> <span class='ocrx_word' id='word_1_38' title='bbox 1802 1965 2103 2048; x_wconf 77' lang='lat' dir='ltr'><strong><em>epitomen</em></strong></span> <span class='ocrx_word' id='word_1_39' title='bbox 2131 1963 2372 2027; x_wconf 79' lang='lat' dir='ltr'><strong><em>redacti</em></strong></span> <span class='ocrx_word' id='word_1_40' title='bbox 2399 1964 2463 2025; x_wconf 85' lang='lat' dir='ltr'><strong><em>in</em></strong></span> <span class='ocrx_word' id='word_1_41' title='bbox 2500 1960 2759 2026; x_wconf 84' lang='lat' dir='ltr'><strong><em>Passio-</em></strong></span> 
     </span>
     <span class='ocr_line' id='line_1_7' title="bbox 279 2060 2756 2147; baseline 0 -23"><span class='ocrx_word' id='word_1_42' title='bbox 279 2060 535 2124; x_wconf 80' lang='lat' dir='ltr'><strong><em>nalibus</em></strong></span> <span class='ocrx_word' id='word_1_43' title='bbox 594 2062 870 2125; x_wconf 80' lang='lat' dir='ltr'><strong><em>inveniri</em></strong></span> <span class='ocrx_word' id='word_1_44' title='bbox 923 2070 1386 2128; x_wconf 78' lang='lat' dir='ltr'><strong><em>consueverunt.</em></strong></span> <span class='ocrx_word' id='word_1_45' title='bbox 1464 2062 1577 2127; x_wconf 81' lang='lat' dir='ltr'><strong><em>Ubi</em></strong></span> <span class='ocrx_word' id='word_1_46' title='bbox 1639 2083 1798 2141; x_wconf 80' lang='lat' dir='ltr'><strong><em>cero,</em></strong></span> <span class='ocrx_word' id='word_1_47' title='bbox 1849 2083 2103 2127; x_wconf 78' lang='lat' dir='ltr'><strong><em>excusso</em></strong></span> <span class='ocrx_word' id='word_1_48' title='bbox 2164 2064 2297 2127; x_wconf 86' lang='lat' dir='ltr'><strong><em>iam</em></strong></span> <span class='ocrx_word' id='word_1_49' title='bbox 2360 2060 2756 2147; x_wconf 76' lang='lat' dir='ltr'><strong><em>Leyendario</em></strong></span> 
     </span>
     <span class='ocr_line' id='line_1_8' title="bbox 281 2160 2757 2247; baseline 0.001 -24"><span class='ocrx_word' id='word_1_50' title='bbox 281 2160 609 2224; x_wconf 85' lang='lat' dir='ltr'><strong><em>austriaco</em></strong></span> <span class='ocrx_word' id='word_1_51' title='bbox 645 2167 702 2224; x_wconf 85' lang='lat' dir='ltr'><strong><em>et</em></strong></span> <span class='ocrx_word' id='word_1_52' title='bbox 742 2161 1188 2247; x_wconf 68' lang='lat' dir='ltr'><strong><em>martyroloqio</em></strong></span> <span class='ocrx_word' id='word_1_53' title='bbox 1227 2161 1617 2245; x_wconf 77' lang='lat' dir='ltr'><strong><em>Wolfhardi,</em></strong></span> <span class='ocrx_word' id='word_1_54' title='bbox 1644 2163 1871 2227; x_wconf 84' lang='lat' dir='ltr'><strong><em>iterum</em></strong></span> <span class='ocrx_word' id='word_1_55' title='bbox 1900 2162 2292 2247; x_wconf 83' lang='lat' dir='ltr'><strong><em>inspicienda</em></strong></span> <span class='ocrx_word' id='word_1_56' title='bbox 2322 2160 2453 2245; x_wconf 81' lang='lat' dir='ltr'><strong><em>fnit</em></strong></span> <span class='ocrx_word' id='word_1_57' title='bbox 2487 2160 2757 2226; x_wconf 77' lang='lat' dir='ltr'><strong><em>collectio</em></strong></span> 
     </span>
     <span class='ocr_line' id='line_1_9' title="bbox 295 2257 2756 2347; baseline 0.002 -27"><span class='ocrx_word' id='word_1_58' title='bbox 295 2257 819 2344; x_wconf 70' lang='lat' dir='ltr'><strong><em>U⁷indberyensis,</em></strong></span> <span class='ocrx_word' id='word_1_59' title='bbox 865 2268 1069 2344; x_wconf 78' lang='lat' dir='ltr'><strong><em>utpote</em></strong></span> <span class='ocrx_word' id='word_1_60' title='bbox 1110 2282 1270 2347; x_wconf 80' lang='lat' dir='ltr'><strong><em>quae</em></strong></span> <span class='ocrx_word' id='word_1_61' title='bbox 1319 2264 1687 2326; x_wconf 78' lang='lat' dir='ltr'><strong><em>austriacae</em></strong></span> <span class='ocrx_word' id='word_1_62' title='bbox 1727 2260 1911 2325; x_wconf 84' lang='lat' dir='ltr'><strong><em>valde</em></strong></span> <span class='ocrx_word' id='word_1_63' title='bbox 1958 2261 2195 2325; x_wconf 87' lang='lat' dir='ltr'><strong><em>similis</em></strong></span> <span class='ocrx_word' id='word_1_64' title='bbox 2250 2281 2377 2326; x_wconf 86' lang='lat' dir='ltr'><strong><em>esse</em></strong></span> <span class='ocrx_word' id='word_1_65' title='bbox 2412 2258 2756 2343; x_wconf 82' lang='lat' dir='ltr'><strong><em>ferebatur,</em></strong></span> 
     </span>
     <span class='ocr_line' id='line_1_10' title="bbox 278 2359 2758 2445; baseline 0.002 -26"><span class='ocrx_word' id='word_1_66' title='bbox 278 2359 499 2420; x_wconf 78' lang='lat' dir='ltr'><strong><em>statim</em></strong></span> <span class='ocrx_word' id='word_1_67' title='bbox 535 2361 974 2443; x_wconf 73' lang='lat' dir='ltr'><strong><em>perspeximus</em></strong></span> <span class='ocrx_word' id='word_1_68' title='bbox 1022 2367 1224 2425; x_wconf 72' lang='lat' dir='ltr'><strong><em>textus</em></strong></span> <span class='ocrx_word' id='word_1_69' title='bbox 1265 2361 1426 2443; x_wconf 84' lang='lat' dir='ltr'><strong><em>illos,</em></strong></span> <span class='ocrx_word' id='word_1_70' title='bbox 1471 2362 1581 2445; x_wconf 74' lang='lat' dir='ltr'><strong><em>qui</em></strong></span> <span class='ocrx_word' id='word_1_71' title='bbox 1630 2360 2123 2424; x_wconf 76' lang='lat' dir='ltr'><strong><em>admirationem</em></strong></span> <span class='ocrx_word' id='word_1_72' title='bbox 2169 2366 2506 2441; x_wconf 77' lang='lat' dir='ltr'><strong><em>moverant,</em></strong></span> <span class='ocrx_word' id='word_1_73' title='bbox 2546 2379 2758 2423; x_wconf 80' lang='lat' dir='ltr'><strong><em>omnes</em></strong></span> 
     </span>
     <span class='ocr_line' id='line_1_11' title="bbox 281 2453 2756 2542; baseline 0.001 -26"><span class='ocrx_word' id='word_1_74' title='bbox 281 2453 439 2518; x_wconf 87' lang='lat' dir='ltr'><strong><em>illuc</em></strong></span> <span class='ocrx_word' id='word_1_75' title='bbox 461 2475 492 2517; x_wconf 90' lang='lat' dir='ltr'><strong><em>e</em></strong></span> <span class='ocrx_word' id='word_1_76' title='bbox 527 2454 898 2537; x_wconf 75' lang='lat' dir='ltr'><strong><em>Wolfliardi</em></strong></span> <span class='ocrx_word' id='word_1_77' title='bbox 920 2458 1370 2542; x_wconf 71' lang='lat' dir='ltr'><strong><em>martyroloyio</em></strong></span> <span class='ocrx_word' id='word_1_78' title='bbox 1393 2459 1757 2540; x_wconf 83' lang='lat' dir='ltr'><strong><em>transiisse,·</em></strong></span> <span class='ocrx_word' id='word_1_79' title='bbox 1776 2457 2066 2542; x_wconf 80' lang='lat' dir='ltr'><strong><em>reliquos,</em></strong></span> <span class='ocrx_word' id='word_1_80' title='bbox 2090 2477 2217 2521; x_wconf 85' lang='lat' dir='ltr'><strong><em>non</em></strong></span> <span class='ocrx_word' id='word_1_81' title='bbox 2252 2476 2462 2521; x_wconf 83' lang='lat' dir='ltr'><strong><em>omnes</em></strong></span> <span class='ocrx_word' id='word_1_82' title='bbox 2484 2455 2756 2542; x_wconf 76' lang='lat' dir='ltr'><strong><em>quidem,</em></strong></span> 
     </span>
     <span class='ocr_line' id='line_1_12' title="bbox 282 2552 2758 2641; baseline 0.002 -25"><span class='ocrx_word' id='word_1_83' title='bbox 282 2552 392 2617; x_wconf 85' lang='lat' dir='ltr'><strong><em>sed</em></strong></span> <span class='ocrx_word' id='word_1_84' title='bbox 412 2560 622 2619; x_wconf 81' lang='lat' dir='ltr'><strong><em>tamen</em></strong></span> <span class='ocrx_word' id='word_1_85' title='bbox 637 2555 973 2639; x_wconf 83' lang='lat' dir='ltr'><strong><em>plurimos,</em></strong></span> <span class='ocrx_word' id='word_1_86' title='bbox 988 2564 1044 2620; x_wconf 86' lang='lat' dir='ltr'><strong><em>et</em></strong></span> <span class='ocrx_word' id='word_1_87' title='bbox 1071 2556 1544 2641; x_wconf 74' lang='lat' dir='ltr'><strong><em>Windberqensi</em></strong></span> <span class='ocrx_word' id='word_1_88' title='bbox 1565 2564 1621 2621; x_wconf 89' lang='lat' dir='ltr'><strong><em>et</em></strong></span> <span class='ocrx_word' id='word_1_89' title='bbox 1642 2558 1965 2620; x_wconf 81' lang='lat' dir='ltr'><strong><em>austriaca</em></strong></span> <span class='ocrx_word' id='word_1_90' title='bbox 1988 2555 2383 2639; x_wconf 75' lang='lat' dir='ltr'><strong><em>Leqendario</em></strong></span> <span class='ocrx_word' id='word_1_91' title='bbox 2404 2575 2758 2620; x_wconf 83' lang='lat' dir='ltr'><strong><em>communes</em></strong></span> 
     </span>
     <span class='ocr_line' id='line_1_13' title="bbox 283 2652 2763 2742; baseline 0.001 -26"><span class='ocrx_word' id='word_1_92' title='bbox 283 2672 424 2717; x_wconf 87' lang='lat' dir='ltr'><strong><em>esse.</em></strong></span> <span class='ocrx_word' id='word_1_93' title='bbox 445 2652 583 2734; x_wconf 79' lang='lat' dir='ltr'><strong><em>Quo</em></strong></span> <span class='ocrx_word' id='word_1_94' title='bbox 599 2653 849 2737; x_wconf 81' lang='lat' dir='ltr'><strong><em>factum</em></strong></span> <span class='ocrx_word' id='word_1_95' title='bbox 877 2662 1056 2719; x_wconf 82' lang='lat' dir='ltr'><strong><em>estut</em></strong></span> <span class='ocrx_word' id='word_1_96' title='bbox 1085 2655 1160 2719; x_wconf 87' lang='lat' dir='ltr'><strong><em>de</em></strong></span> <span class='ocrx_word' id='word_1_97' title='bbox 1189 2656 1386 2720; x_wconf 82' lang='lat' dir='ltr'><strong><em>altero</em></strong></span> <span class='ocrx_word' id='word_1_98' title='bbox 1415 2656 1521 2720; x_wconf 83' lang='lat' dir='ltr'><strong><em>illo</em></strong></span> <span class='ocrx_word' id='word_1_99' title='bbox 1534 2654 1927 2742; x_wconf 75' lang='lat' dir='ltr'><strong><em>Leqendario</em></strong></span> <span class='ocrx_word' id='word_1_100' title='bbox 1951 2656 2263 2742; x_wconf 78' lang='lat' dir='ltr'><strong><em>quaeda-m</em></strong></span> <span class='ocrx_word' id='word_1_101' title='bbox 2286 2656 2475 2719; x_wconf 82' lang='lat' dir='ltr'><strong><em>etiam</em></strong></span> <span class='ocrx_word' id='word_1_102' title='bbox 2495 2654 2763 2719; x_wconf 81' lang='lat' dir='ltr'><strong><em>subiun-</em></strong></span> 
     </span>
     <span class='ocr_line' id='line_1_14' title="bbox 280 2754 1292 2836; baseline 0.004 -20"><span class='ocrx_word' id='word_1_103' title='bbox 280 2774 422 2836; x_wconf 76' lang='lat' dir='ltr'><strong><em>9ere</em></strong></span> <span class='ocrx_word' id='word_1_104' title='bbox 449 2756 877 2818; x_wconf 85' lang='lat' dir='ltr'><strong><em>necessarium</em></strong></span> <span class='ocrx_word' id='word_1_105' title='bbox 905 2754 1292 2820; x_wconf 65' lang='lat' dir='ltr'><strong><em>duxerimus.</em></strong></span> 
     </span>
    </p>
   </div>
   <div class='ocr_carea' id='block_1_4' title="bbox 282 2901 2765 4078">
    <p class='ocr_par' dir='ltr' id='par_1_4' title="bbox 282 2901 2763 3871">
     <span class='ocr_line' id='line_1_15' title="bbox 371 2901 2761 2990; baseline 0 -24"><span class='ocrx_word' id='word_1_106' title='bbox 371 2901 635 2967; x_wconf 77' lang='lat' dir='ltr'><strong><em>Constat</em></strong></span> <span class='ocrx_word' id='word_1_107' title='bbox 679 2903 844 2967; x_wconf 84' lang='lat' dir='ltr'><strong><em>illud</em></strong></span> <span class='ocrx_word' id='word_1_108' title='bbox 884 2904 1302 2968; x_wconf 79' lang='lat' dir='ltr'><strong><em>voluminibus</em></strong></span> <span class='ocrx_word' id='word_1_109' title='bbox 1331 2925 1453 2984; x_wconf 74' lang='lat' dir='ltr'><strong><em>sex,</em></strong></span> <span class='ocrx_word' id='word_1_110' title='bbox 1486 2925 1645 2990; x_wconf 78' lang='lat' dir='ltr'><strong><em>quae</em></strong></span> <span class='ocrx_word' id='word_1_111' title='bbox 1675 2906 1742 2967; x_wconf 83' lang='lat' dir='ltr'><strong><em>in</em></strong></span> <span class='ocrx_word' id='word_1_112' title='bbox 1777 2911 2073 2968; x_wconf 81' lang='lat' dir='ltr'><strong><em>concentu</em></strong></span> <span class='ocrx_word' id='word_1_113' title='bbox 2102 2903 2374 2969; x_wconf 77' lang='lat' dir='ltr'><strong><em>Sanctae</em></strong></span> <span class='ocrx_word' id='word_1_114' title='bbox 2403 2902 2662 2968; x_wconf 81' lang='lat' dir='ltr'><strong><em>Mariae</em></strong></span> <span class='ocrx_word' id='word_1_115' title='bbox 2687 2903 2761 2967; x_wconf 84' lang='lat' dir='ltr'><strong><em>in</em></strong></span> 
     </span>
     <span class='ocr_line' id='line_1_16' title="bbox 300 2999 2761 3087; baseline 0.001 -23"><span class='ocrx_word' id='word_1_116' title='bbox 300 2999 659 3087; x_wconf 76' lang='lat' dir='ltr'><strong><em>Windbery,</em></strong></span> <span class='ocrx_word' id='word_1_117' title='bbox 717 3004 964 3068; x_wconf 81' lang='lat' dir='ltr'><strong><em>ordinis</em></strong></span> <span class='ocrx_word' id='word_1_118' title='bbox 1024 3003 1702 3083; x_wconf 84' lang='lat' dir='ltr'><strong><em>Praemonstratensis,</em></strong></span> <span class='ocrx_word' id='word_1_119' title='bbox 1746 3003 2038 3067; x_wconf 87' lang='lat' dir='ltr'><strong><em>dioecesis</em></strong></span> <span class='ocrx_word' id='word_1_120' title='bbox 2091 3003 2594 3087; x_wconf 81' lang='lat' dir='ltr'><strong><em>Ratisponensis,</em></strong></span> <span class='ocrx_word' id='word_1_121' title='bbox 2612 3008 2761 3086; x_wconf 83' lang='lat' dir='ltr'><strong><em>post</em></strong></span> 
     </span>
     <span class='ocr_line' id='line_1_17' title="bbox 283 3100 2763 3187; baseline 0 -24"><span class='ocrx_word' id='word_1_122' title='bbox 283 3100 559 3165; x_wconf 82' lang='lat' dir='ltr'><strong><em>medium</em></strong></span> <span class='ocrx_word' id='word_1_123' title='bbox 605 3103 924 3167; x_wconf 80' lang='lat' dir='ltr'><strong><em>saeculum</em></strong></span> <span class='ocrx_word' id='word_1_124' title='bbox 967 3101 1130 3168; x_wconf 87' lang='lat' dir='ltr'><strong><em>XII</em></strong></span> <span class='ocrx_word' id='word_1_125' title='bbox 1159 3111 1430 3167; x_wconf 71' lang='lat' dir='ltr'><strong><em>exarata</em></strong></span> <span class='ocrx_word' id='word_1_126' title='bbox 1473 3110 1641 3180; x_wconf 73' lang='lat' dir='ltr'><strong><em>surii,</em></strong></span> <span class='ocrx_word' id='word_1_127' title='bbox 1686 3123 1854 3167; x_wconf 85' lang='lat' dir='ltr'><strong><em>nunc</em></strong></span> <span class='ocrx_word' id='word_1_128' title='bbox 1898 3123 2039 3167; x_wconf 82' lang='lat' dir='ltr'><strong><em>vero</em></strong></span> <span class='ocrx_word' id='word_1_129' title='bbox 2081 3105 2153 3167; x_wconf 85' lang='lat' dir='ltr'><strong><em>in</em></strong></span> <span class='ocrx_word' id='word_1_130' title='bbox 2199 3101 2559 3166; x_wconf 77' lang='lat' dir='ltr'><strong><em>bibliotheca</em></strong></span> <span class='ocrx_word' id='word_1_131' title='bbox 2585 3102 2763 3187; x_wconf 73' lang='lat' dir='ltr'><strong><em>reqia</em></strong></span> 
     </span>
     <span class='ocr_line' id='line_1_18' title="bbox 287 3197 2763 3286; baseline 0 -25"><span class='ocrx_word' id='word_1_132' title='bbox 287 3197 656 3264; x_wconf 72' lang='lat' dir='ltr'><strong><em>Monaceusi</em></strong></span> <span class='ocrx_word' id='word_1_133' title='bbox 700 3208 1038 3265; x_wconf 78' lang='lat' dir='ltr'><strong><em>servantur</em></strong></span> <span class='ocrx_word' id='word_1_134' title='bbox 1092 3204 1468 3286; x_wconf 74' lang='lat' dir='ltr'><strong><em>siqnataque</em></strong></span> <span class='ocrx_word' id='word_1_135' title='bbox 1515 3208 1662 3265; x_wconf 80' lang='lat' dir='ltr'><strong><em>sunt</em></strong></span> <span class='ocrx_word' id='word_1_136' title='bbox 1722 3202 1885 3264; x_wconf 78' lang='lat' dir='ltr'><strong><em>inter</em></strong></span> <span class='ocrx_word' id='word_1_137' title='bbox 1934 3201 2172 3264; x_wconf 84' lang='lat' dir='ltr'><strong><em>codices</em></strong></span> <span class='ocrx_word' id='word_1_138' title='bbox 2204 3201 2437 3264; x_wconf 86' lang='lat' dir='ltr'><strong><em>latinos</em></strong></span> <span class='ocrx_word' id='word_1_139' title='bbox 2477 3200 2763 3263; x_wconf 83' lang='lat' dir='ltr'><strong><em>numeris</em></strong></span> 
     </span>
     <span class='ocr_line' id='line_1_19' title="bbox 287 3296 2763 3385; baseline 0 -24"><span class='ocrx_word' id='word_1_140' title='bbox 287 3296 608 3362; x_wconf 82' lang='grc'><em>22240-45</em></span> <span class='ocrx_word' id='word_1_141' title='bbox 635 3300 747 3384; x_wconf 88' lang='grc'><strong><em>(1).</em></strong></span> <span class='ocrx_word' id='word_1_142' title='bbox 781 3300 1212 3385; x_wconf 64' lang='grc' dir='ltr'><strong><em>Βονίρΐαεηηί</em></strong></span> <span class='ocrx_word' id='word_1_143' title='bbox 1250 3302 1513 3385; x_wconf 77' lang='lat' dir='ltr'><strong><em>payinis</em></strong></span> <span class='ocrx_word' id='word_1_144' title='bbox 1542 3300 1862 3384; x_wconf 84' lang='lat' dir='ltr'><strong><em>bipartitis</em></strong></span> <span class='ocrx_word' id='word_1_145' title='bbox 1892 3299 1971 3363; x_wconf 83' lang='lat' dir='ltr'><strong><em>ab</em></strong></span> <span class='ocrx_word' id='word_1_146' title='bbox 1999 3297 2509 3381; x_wconf 82' lang='lat' dir='ltr'><strong><em>amanuensibus,</em></strong></span> <span class='ocrx_word' id='word_1_147' title='bbox 2534 3300 2596 3364; x_wconf 87' lang='lat' dir='ltr'><strong><em>si</em></strong></span> <span class='ocrx_word' id='word_1_148' title='bbox 2620 3297 2763 3363; x_wconf 84' lang='lat' dir='ltr'><strong><em>bene</em></strong></span> 
     </span>
     <span class='ocr_line' id='line_1_20' title="bbox 287 3397 2763 3485; baseline 0.001 -27"><span class='ocrx_word' id='word_1_149' title='bbox 287 3397 440 3477; x_wconf 78' lang='lat' dir='ltr'><strong><em>cidi,</em></strong></span> <span class='ocrx_word' id='word_1_150' title='bbox 470 3397 718 3463; x_wconf 80' lang='lat' dir='ltr'><strong><em>duobus</em></strong></span> <span class='ocrx_word' id='word_1_151' title='bbox 748 3401 861 3483; x_wconf 79' lang='lat'><strong><em>(2),</em></strong></span> <span class='ocrx_word' id='word_1_152' title='bbox 890 3421 1159 3485; x_wconf 81' lang='lat' dir='ltr'><strong><em>quorum</em></strong></span> <span class='ocrx_word' id='word_1_153' title='bbox 1205 3401 1366 3464; x_wconf 85' lang='lat' dir='ltr'><strong><em>alter</em></strong></span> <span class='ocrx_word' id='word_1_154' title='bbox 1410 3399 1679 3464; x_wconf 78' lang='lat' dir='ltr'><strong><em>codicem</em></strong></span> <span class='ocrx_word' id='word_1_155' title='bbox 1708 3399 1917 3462; x_wconf 81' lang='grc'><em>22240</em></span> <span class='ocrx_word' id='word_1_156' title='bbox 1944 3401 2277 3484; x_wconf 77' lang='lat' dir='ltr'><strong><em>inteyrum,</em></strong></span> <span class='ocrx_word' id='word_1_157' title='bbox 2306 3398 2537 3462; x_wconf 84' lang='lat' dir='ltr'><strong><em>codicis</em></strong></span> <span class='ocrx_word' id='word_1_158' title='bbox 2554 3398 2763 3461; x_wconf 76' lang='grc'><em>22243</em></span> 
     </span>
     <span class='ocr_line' id='line_1_21' title="bbox 282 3494 2757 3582; baseline 0.001 -24"><span class='ocrx_word' id='word_1_159' title='bbox 282 3494 401 3576; x_wconf 81' lang='lat' dir='ltr'><strong><em>fol.</em></strong></span> <span class='ocrx_word' id='word_1_160' title='bbox 434 3497 694 3580; x_wconf 72' lang='lat'><strong><em>149-76,</em></strong></span> <span class='ocrx_word' id='word_1_161' title='bbox 737 3499 969 3563; x_wconf 86' lang='lat' dir='ltr'><strong><em>codicis</em></strong></span> <span class='ocrx_word' id='word_1_162' title='bbox 1010 3499 1215 3563; x_wconf 78' lang='grc'><em>22244</em></span> <span class='ocrx_word' id='word_1_163' title='bbox 1256 3499 1371 3582; x_wconf 83' lang='lat' dir='ltr'><strong><em>fol.</em></strong></span> <span class='ocrx_word' id='word_1_164' title='bbox 1410 3500 1609 3563; x_wconf 77' lang='lat'><strong><em>8-191</em></strong></span> <span class='ocrx_word' id='word_1_165' title='bbox 1653 3505 1708 3562; x_wconf 82' lang='lat' dir='ltr'><strong><em>et</em></strong></span> <span class='ocrx_word' id='word_1_166' title='bbox 1752 3498 1982 3562; x_wconf 85' lang='lat' dir='ltr'><strong><em>codicis</em></strong></span> <span class='ocrx_word' id='word_1_167' title='bbox 2028 3499 2236 3563; x_wconf 87' lang='grc'><em>22245</em></span> <span class='ocrx_word' id='word_1_168' title='bbox 2274 3498 2389 3581; x_wconf 81' lang='lat' dir='ltr'><strong><em>fol.</em></strong></span> <span class='ocrx_word' id='word_1_169' title='bbox 2434 3497 2757 3574; x_wconf 76' lang='lat'><em>1980-200‚</em></span> 
     </span>
     <span class='ocr_line' id='line_1_22' title="bbox 286 3593 2761 3681; baseline 0.001 -26"><span class='ocrx_word' id='word_1_170' title='bbox 286 3593 450 3657; x_wconf 80' lang='lat' dir='ltr'><strong><em>aiter</em></strong></span> <span class='ocrx_word' id='word_1_171' title='bbox 474 3616 616 3660; x_wconf 79' lang='lat' dir='ltr'><strong><em>vero</em></strong></span> <span class='ocrx_word' id='word_1_172' title='bbox 658 3596 895 3660; x_wconf 81' lang='lat' dir='ltr'><strong><em>codices</em></strong></span> <span class='ocrx_word' id='word_1_173' title='bbox 941 3598 1143 3661; x_wconf 84' lang='grc'><em>22241</em></span> <span class='ocrx_word' id='word_1_174' title='bbox 1188 3604 1242 3661; x_wconf 85' lang='lat' dir='ltr'><strong><em>et</em></strong></span> <span class='ocrx_word' id='word_1_175' title='bbox 1290 3597 1499 3660; x_wconf 88' lang='grc'><em>22242</em></span> <span class='ocrx_word' id='word_1_176' title='bbox 1540 3598 1831 3681; x_wconf 65' lang='lat' dir='ltr'><strong><em>intefflm,</em></strong></span> <span class='ocrx_word' id='word_1_177' title='bbox 1880 3597 2109 3660; x_wconf 83' lang='lat' dir='ltr'><strong><em>codicis</em></strong></span> <span class='ocrx_word' id='word_1_178' title='bbox 2149 3596 2359 3659; x_wconf 86' lang='grc'><em>22243</em></span> <span class='ocrx_word' id='word_1_179' title='bbox 2393 3596 2507 3679; x_wconf 81' lang='lat' dir='ltr'><strong><em>fol.</em></strong></span> <span class='ocrx_word' id='word_1_180' title='bbox 2543 3594 2761 3676; x_wconf 84' lang='grc'><em>1-148,</em></span> 
     </span>
     <span class='ocr_line' id='line_1_23' title="bbox 287 3692 2760 3782; baseline 0.001 -28"><span class='ocrx_word' id='word_1_181' title='bbox 287 3692 519 3758; x_wconf 82' lang='lat' dir='ltr'><strong><em>codicis</em></strong></span> <span class='ocrx_word' id='word_1_182' title='bbox 539 3696 1046 3780; x_wconf 74' lang='lat' dir='ltr'><strong><em>22244primnm</em></strong></span> <span class='ocrx_word' id='word_1_183' title='bbox 1079 3699 1543 3782; x_wconf 78' lang='lat' dir='ltr'><strong><em>quaternionem</em></strong></span> <span class='ocrx_word' id='word_1_184' title='bbox 1569 3716 1676 3760; x_wconf 82' lang='lat' dir='ltr'><strong><em>sen</em></strong></span> <span class='ocrx_word' id='word_1_185' title='bbox 1693 3695 1748 3779; x_wconf 84' lang='lat' dir='ltr'><strong><em>f.</em></strong></span> <span class='ocrx_word' id='word_1_186' title='bbox 1782 3697 1840 3778; x_wconf 91' lang='lat'><strong><em>1,</em></strong></span> <span class='ocrx_word' id='word_1_187' title='bbox 1877 3697 1912 3757; x_wconf 90' lang='lat'><strong><em>1</em></strong></span> <span class='ocrx_word' id='word_1_188' title='bbox 1944 3694 2055 3776; x_wconf 87' lang='lat' dir='ltr'><strong><em>bis,</em></strong></span> <span class='ocrx_word' id='word_1_189' title='bbox 2077 3697 2211 3778; x_wconf 83' lang='lat'><strong><em>2-7,</em></strong></span> <span class='ocrx_word' id='word_1_190' title='bbox 2234 3695 2537 3759; x_wconf 82' lang='lat' dir='ltr'><strong><em>etcodicis</em></strong></span> <span class='ocrx_word' id='word_1_191' title='bbox 2554 3694 2760 3757; x_wconf 79' lang='grc'><em>22245</em></span> 
     </span>
     <span class='ocr_line' id='line_1_24' title="bbox 283 3790 975 3871; baseline 0.009 -18"><span class='ocrx_word' id='word_1_192' title='bbox 283 3790 407 3871; x_wconf 81' lang='lat' dir='ltr'><strong><em>fol.</em></strong></span> <span class='ocrx_word' id='word_1_193' title='bbox 430 3795 646 3858; x_wconf 68' lang='lat' dir='ltr'><strong><em>1-198r</em></strong></span> <span class='ocrx_word' id='word_1_194' title='bbox 666 3797 975 3860; x_wconf 73' lang='lat' dir='ltr'><strong><em>exaravit.</em></strong></span> 
     </span>
    </p>

    <p class='ocr_par' dir='ltr' id='par_1_5' title="bbox 291 3890 2765 4078">
     <span class='ocr_line' id='line_1_25' title="bbox 389 3890 2765 3979; baseline -0 -24"><span class='ocrx_word' id='word_1_195' title='bbox 389 3890 598 3957; x_wconf 83' lang='lat' dir='ltr'><strong><em>Tertia</em></strong></span> <span class='ocrx_word' id='word_1_196' title='bbox 631 3893 944 3979; x_wconf 77' lang='lat' dir='ltr'><strong><em>quaedam</em></strong></span> <span class='ocrx_word' id='word_1_197' title='bbox 974 3915 1206 3959; x_wconf 82' lang='lat' dir='ltr'><strong><em>manns</em></strong></span> <span class='ocrx_word' id='word_1_198' title='bbox 1235 3916 1395 3959; x_wconf 88' lang='lat' dir='ltr'><strong><em>saec.</em></strong></span> <span class='ocrx_word' id='word_1_199' title='bbox 1425 3893 1587 3959; x_wconf 90' lang='lat' dir='ltr'><strong><em>XII</em></strong></span> <span class='ocrx_word' id='word_1_200' title='bbox 1602 3893 1769 3957; x_wconf 75' lang='lat' dir='ltr'><strong><em>lianc</em></strong></span> <span class='ocrx_word' id='word_1_201' title='bbox 1796 3899 2022 3957; x_wconf 83' lang='lat' dir='ltr'><strong><em>notam</em></strong></span> <span class='ocrx_word' id='word_1_202' title='bbox 2051 3895 2120 3957; x_wconf 86' lang='lat' dir='ltr'><strong><em>in</em></strong></span> <span class='ocrx_word' id='word_1_203' title='bbox 2151 3894 2369 3978; x_wconf 87' lang='lat' dir='ltr'><strong><em>primo</em></strong></span> <span class='ocrx_word' id='word_1_204' title='bbox 2393 3892 2553 3975; x_wconf 85' lang='lat' dir='ltr'><strong><em>folio</em></strong></span> <span class='ocrx_word' id='word_1_205' title='bbox 2594 3891 2765 3956; x_wconf 88' lang='lat' dir='ltr'><strong><em>codi-</em></strong></span> 
     </span>
     <span class='ocr_line' id='line_1_26' title="bbox 291 3993 1195 4078; baseline 0.007 -26"><span class='ocrx_word' id='word_1_206' title='bbox 291 4010 446 4053; x_wconf 83' lang='lat' dir='ltr'><strong><em>cum</em></strong></span> <span class='ocrx_word' id='word_1_207' title='bbox 474 3993 797 4059; x_wconf 82' lang='grc'><em>22242-45</em></span> <span class='ocrx_word' id='word_1_208' title='bbox 826 3995 1147 4078; x_wconf 84' lang='lat' dir='ltr'><strong><em>inscripsit</em></strong></span> <span class='ocrx_word' id='word_1_209' title='bbox 1173 4018 1195 4058; x_wconf 86' lang='lat'><strong><em>.·</em></strong></span> 
     </span>
    </p>
   </div>
   <div class='ocr_carea' id='block_1_5' title="bbox 287 4139 2766 4620">
    <p class='ocr_par' dir='ltr' id='par_1_6' title="bbox 287 4139 2766 4620">
     <span class='ocr_line' id='line_1_27' title="bbox 378 4139 2764 4226; baseline 0.001 -22"><span class='ocrx_word' id='word_1_210' title='bbox 378 4141 507 4205; x_wconf 80' lang='lat' dir='ltr'><strong><em>Iste</em></strong></span> <span class='ocrx_word' id='word_1_211' title='bbox 535 4142 699 4208; x_wconf 85' lang='lat' dir='ltr'><strong><em>liber</em></strong></span> <span class='ocrx_word' id='word_1_212' title='bbox 726 4144 1009 4226; x_wconf 80' lang='lat' dir='ltr'><strong><em>pertinet</em></strong></span> <span class='ocrx_word' id='word_1_213' title='bbox 1039 4145 1127 4209; x_wconf 87' lang='lat' dir='ltr'><strong><em>ad</em></strong></span> <span class='ocrx_word' id='word_1_214' title='bbox 1155 4143 1468 4210; x_wconf 81' lang='lat' dir='ltr'><strong><em>Sanctam</em></strong></span> <span class='ocrx_word' id='word_1_215' title='bbox 1497 4145 1773 4209; x_wconf 85' lang='lat' dir='ltr'><strong><em>Mariam</em></strong></span> <span class='ocrx_word' id='word_1_216' title='bbox 1818 4144 1885 4209; x_wconf 91' lang='lat' dir='ltr'><strong><em>in</em></strong></span> <span class='ocrx_word' id='word_1_217' title='bbox 1930 4143 2310 4224; x_wconf 83' lang='lat' dir='ltr'><strong><em>Windberg,</em></strong></span> <span class='ocrx_word' id='word_1_218' title='bbox 2355 4161 2552 4224; x_wconf 83' lang='lat' dir='ltr'><strong><em>quem</em></strong></span> <span class='ocrx_word' id='word_1_219' title='bbox 2579 4139 2764 4206; x_wconf 85' lang='lat' dir='ltr'><strong><em>fecit¹</em></strong></span> 
     </span>
     <span class='ocr_line' id='line_1_28' title="bbox 287 4240 2763 4324; baseline 0 -21"><span class='ocrx_word' id='word_1_220' title='bbox 287 4240 494 4304; x_wconf 80' lang='lat' dir='ltr'><strong><em>scribi</em></strong></span> <span class='ocrx_word' id='word_1_221' title='bbox 534 4242 856 4307; x_wconf 82' lang='lat' dir='ltr'><strong><em>secundus</em></strong></span> <span class='ocrx_word' id='word_1_222' title='bbox 901 4244 1191 4308; x_wconf 87' lang='lat' dir='ltr'><strong><em>eiusdem</em></strong></span> <span class='ocrx_word' id='word_1_223' title='bbox 1244 4243 1552 4308; x_wconf 85' lang='lat' dir='ltr'><strong><em>eeclesiae</em></strong></span> <span class='ocrx_word' id='word_1_224' title='bbox 1590 4243 1983 4311; x_wconf 76' lang='lat' dir='ltr'><strong><em>venerabilis</em></strong></span> <span class='ocrx_word' id='word_1_225' title='bbox 2025 4247 2091 4307; x_wconf 87' lang='lat' dir='ltr'><strong><em>et</em></strong></span> <span class='ocrx_word' id='word_1_226' title='bbox 2132 4242 2367 4324; x_wconf 85' lang='lat' dir='ltr'><strong><em>dignae</em></strong></span> <span class='ocrx_word' id='word_1_227' title='bbox 2406 4240 2763 4305; x_wconf 83' lang='lat' dir='ltr'><strong><em>memoriae</em></strong></span> 
     </span>
     <span class='ocr_line' id='line_1_29' title="bbox 288 4339 2766 4426; baseline 0 -24"><span class='ocrx_word' id='word_1_228' title='bbox 288 4339 507 4403; x_wconf 82' lang='lat' dir='ltr'><strong><em>abbas</em></strong></span> <span class='ocrx_word' id='word_1_229' title='bbox 536 4340 960 4407; x_wconf 75' lang='lat' dir='ltr'><strong><em>Gebhardus²</em></strong></span> <span class='ocrx_word' id='word_1_230' title='bbox 988 4363 1108 4426; x_wconf 89' lang='lat' dir='ltr'><strong><em>pro</em></strong></span> <span class='ocrx_word' id='word_1_231' title='bbox 1135 4343 1412 4408; x_wconf 85' lang='lat' dir='ltr'><strong><em>obtentu</em></strong></span> <span class='ocrx_word' id='word_1_232' title='bbox 1440 4343 1690 4426; x_wconf 85' lang='lat' dir='ltr'><strong><em>gratiae</em></strong></span> <span class='ocrx_word' id='word_1_233' title='bbox 1719 4342 1839 4408; x_wconf 89' lang='lat' dir='ltr'><strong><em>Dei</em></strong></span> <span class='ocrx_word' id='word_1_234' title='bbox 1867 4347 1932 4407; x_wconf 90' lang='lat' dir='ltr'><strong><em>et</em></strong></span> <span class='ocrx_word' id='word_1_235' title='bbox 1959 4342 2204 4406; x_wconf 84' lang='lat' dir='ltr'><strong><em>Beatae</em></strong></span> <span class='ocrx_word' id='word_1_236' title='bbox 2231 4340 2475 4405; x_wconf 86' lang='lat' dir='ltr'><strong><em>Mariae</em></strong></span> <span class='ocrx_word' id='word_1_237' title='bbox 2504 4359 2766 4422; x_wconf 84' lang='lat' dir='ltr'><strong><em>semper</em></strong></span> 
     </span>
     <span class='ocr_line' id='line_1_30' title="bbox 287 4436 2765 4523; baseline -0 -22"><span class='ocrx_word' id='word_1_238' title='bbox 287 4436 584 4518; x_wconf 76' lang='lat' dir='ltr'><strong><em>virginis³</em></strong></span> <span class='ocrx_word' id='word_1_239' title='bbox 612 4443 678 4505; x_wconf 88' lang='lat' dir='ltr'><strong><em>et</em></strong></span> <span class='ocrx_word' id='word_1_240' title='bbox 707 4444 991 4519; x_wconf 87' lang='lat' dir='ltr'><strong><em>tuarum,</em></strong></span> <span class='ocrx_word' id='word_1_241' title='bbox 1013 4441 1233 4519; x_wconf 82' lang='lat' dir='ltr'><strong><em>lector,</em></strong></span> <span class='ocrx_word' id='word_1_242' title='bbox 1269 4440 1658 4506; x_wconf 87' lang='lat' dir='ltr'><strong><em>orationum.</em></strong></span> <span class='ocrx_word' id='word_1_243' title='bbox 1688 4439 1759 4504; x_wconf 89' lang='lat' dir='ltr'><strong><em>Si</em></strong></span> <span class='ocrx_word' id='word_1_244' title='bbox 1783 4439 1925 4523; x_wconf 83' lang='lat' dir='ltr'><strong><em>quis</em></strong></span> <span class='ocrx_word' id='word_1_245' title='bbox 1962 4459 2112 4504; x_wconf 87' lang='lat' dir='ltr'><strong><em>eum</em></strong></span> <span class='ocrx_word' id='word_1_246' title='bbox 2136 4456 2546 4522; x_wconf 83' lang='lat' dir='ltr'><strong><em>quocumque</em></strong></span> <span class='ocrx_word' id='word_1_247' title='bbox 2567 4436 2765 4501; x_wconf 86' lang='lat' dir='ltr'><strong><em>modo</em></strong></span> 
     </span>
     <span class='ocr_line' id='line_1_31' title="bbox 294 4536 1809 4620; baseline 0.003 -21"><span class='ocrx_word' id='word_1_248' title='bbox 294 4536 607 4603; x_wconf 79' lang='lat' dir='ltr'><strong><em>ecclesiae</em></strong></span> <span class='ocrx_word' id='word_1_249' title='bbox 629 4540 780 4605; x_wconf 86' lang='lat' dir='ltr'><strong><em>huic</em></strong></span> <span class='ocrx_word' id='word_1_250' title='bbox 801 4540 1288 4620; x_wconf 81' lang='lat' dir='ltr'><strong><em>abalienaverit,</em></strong></span> <span class='ocrx_word' id='word_1_251' title='bbox 1321 4540 1676 4606; x_wconf 87' lang='lat' dir='ltr'><strong><em>anathema</em></strong></span> <span class='ocrx_word' id='word_1_252' title='bbox 1706 4540 1809 4604; x_wconf 86' lang='lat' dir='ltr'><strong><em>sit.</em></strong></span> 
     </span>
    </p>
   </div>
   <div class='ocr_carea' id='block_1_6' title="bbox 352 4667 2770 4890">
    <p class='ocr_par' dir='ltr' id='par_1_7' title="bbox 352 4667 2770 4890">
     <span class='ocr_line' id='line_1_32' title="bbox 359 4667 2769 4737; baseline 0 -17"><span class='ocrx_word' id='word_1_253' title='bbox 359 4668 381 4701; x_wconf 87' lang='lat'><em>¹</em></span> <span class='ocrx_word' id='word_1_254' title='bbox 411 4667 562 4722; x_wconf 77' lang='lat' dir='ltr'><strong><em>iussit</em></strong></span> <span class='ocrx_word' id='word_1_255' title='bbox 577 4672 689 4725; x_wconf 81' lang='lat' dir='ltr'><strong><em>cod.</em></strong></span> <span class='ocrx_word' id='word_1_256' title='bbox 711 4675 895 4725; x_wconf 73' lang='grc'><em>22244.</em></span> <span class='ocrx_word' id='word_1_257' title='bbox 912 4699 982 4711; x_wconf 87' lang='grc'>-</span> <span class='ocrx_word' id='word_1_258' title='bbox 1000 4671 1024 4705; x_wconf 82' lang='lat'><strong>¹</strong></span> <span class='ocrx_word' id='word_1_259' title='bbox 1040 4671 1398 4726; x_wconf 79' lang='lat' dir='ltr'><strong><em>Gebehardus</em></strong></span> <span class='ocrx_word' id='word_1_260' title='bbox 1415 4674 1526 4726; x_wconf 86' lang='lat' dir='ltr'><strong><em>cod.</em></strong></span> <span class='ocrx_word' id='word_1_261' title='bbox 1544 4675 1726 4726; x_wconf 80' lang='grc'><em>22244.</em></span> <span class='ocrx_word' id='word_1_262' title='bbox 1749 4699 1815 4710; x_wconf 90' lang='grc'>-</span> <span class='ocrx_word' id='word_1_263' title='bbox 1833 4671 1855 4705; x_wconf 82' lang='lat'><strong>³</strong></span> <span class='ocrx_word' id='word_1_264' title='bbox 1873 4671 1936 4737; x_wconf 75' lang='grc' dir='ltr'><strong><em>(ε.</em></strong></span> <span class='ocrx_word' id='word_1_265' title='bbox 1961 4670 2032 4737; x_wconf 76' lang='lat' dir='ltr'><strong><em>v.)</em></strong></span> <span class='ocrx_word' id='word_1_266' title='bbox 2050 4687 2151 4726; x_wconf 86' lang='lat' dir='ltr'><strong><em>om.</em></strong></span> <span class='ocrx_word' id='word_1_267' title='bbox 2172 4671 2284 4725; x_wconf 84' lang='lat' dir='ltr'><strong><em>cod.</em></strong></span> <span class='ocrx_word' id='word_1_268' title='bbox 2298 4673 2467 4724; x_wconf 75' lang='grc'><em>22243</em></span> <span class='ocrx_word' id='word_1_269' title='bbox 2500 4677 2556 4724; x_wconf 80' lang='lat' dir='ltr'><strong><em>et</em></strong></span> <span class='ocrx_word' id='word_1_270' title='bbox 2583 4671 2769 4724; x_wconf 75' lang='grc'><em>22244.</em></span> 
     </span>
     <span class='ocr_line' id='line_1_33' title="bbox 352 4818 2770 4890; baseline 0 -17"><span class='ocrx_word' id='word_1_271' title='bbox 352 4819 436 4884; x_wconf 89' lang='grc'><strong><em>(1)</em></strong></span> <span class='ocrx_word' id='word_1_272' title='bbox 463 4818 536 4875; x_wconf 77' lang='lat' dir='ltr'><strong><em>ct.</em></strong></span> <span class='ocrx_word' id='word_1_273' title='bbox 556 4823 726 4877; x_wconf 81' lang='lat' dir='ltr'><strong><em>Neues</em></strong></span> <span class='ocrx_word' id='word_1_274' title='bbox 750 4823 972 4886; x_wconf 72' lang='lat' dir='ltr'><strong><em>Archiv,</em></strong></span> <span class='ocrx_word' id='word_1_275' title='bbox 990 4826 1027 4877; x_wconf 86' lang='lat' dir='ltr'><strong><em>t.</em></strong></span> <span class='ocrx_word' id='word_1_276' title='bbox 1050 4820 1141 4886; x_wconf 82' lang='lat' dir='ltr'><strong><em>IX,</em></strong></span> <span class='ocrx_word' id='word_1_277' title='bbox 1163 4837 1215 4890; x_wconf 88' lang='lat' dir='ltr'><strong><em>p.</em></strong></span> <span class='ocrx_word' id='word_1_278' title='bbox 1238 4821 1438 4876; x_wconf 76' lang='lat'>640-43.</span> <span class='ocrx_word' id='word_1_279' title='bbox 1460 4847 1529 4860; x_wconf 92' lang='lat'><strong><em>—-</em></strong></span> <span class='ocrx_word' id='word_1_280' title='bbox 1549 4821 1623 4888; x_wconf 74' lang='grc' dir='ltr'><strong><em>(Ξ)</em></strong></span> <span class='ocrx_word' id='word_1_281' title='bbox 1647 4819 1855 4875; x_wconf 83' lang='lat' dir='ltr'><strong><em>Omitto</em></strong></span> <span class='ocrx_word' id='word_1_282' title='bbox 1877 4836 2047 4888; x_wconf 81' lang='lat' dir='ltr'><strong><em>pauca</em></strong></span> <span class='ocrx_word' id='word_1_283' title='bbox 2074 4820 2348 4888; x_wconf 75' lang='lat' dir='ltr'><strong><em>quaedam</em></strong></span> <span class='ocrx_word' id='word_1_284' title='bbox 2372 4819 2516 4885; x_wconf 80' lang='lat' dir='ltr'><strong><em>folia,</em></strong></span> <span class='ocrx_word' id='word_1_285' title='bbox 2540 4835 2683 4887; x_wconf 82' lang='lat' dir='ltr'><strong><em>quae</em></strong></span> <span class='ocrx_word' id='word_1_286' title='bbox 2710 4820 2770 4874; x_wconf 88' lang='lat' dir='ltr'><strong><em>in</em></strong></span> 
     </span>
    </p>
   </div>
   <div class='ocr_carea' id='block_1_7' title="bbox 284 4901 2775 5053">
    <p class='ocr_par' dir='ltr' id='par_1_8' title="bbox 284 4901 2775 5053">
     <span class='ocr_line' id='line_1_34' title="bbox 284 4901 2775 4969; baseline 0.001 -15"><span class='ocrx_word' id='word_1_287' title='bbox 284 4902 481 4969; x_wconf 70' lang='lat' dir='ltr'><strong><em>capite</em></strong></span> <span class='ocrx_word' id='word_1_288' title='bbox 503 4905 586 4958; x_wconf 78' lang='lat' dir='ltr'><strong><em>vel</em></strong></span> <span class='ocrx_word' id='word_1_289' title='bbox 608 4904 667 4959; x_wconf 88' lang='lat' dir='ltr'><strong><em>in</em></strong></span> <span class='ocrx_word' id='word_1_290' title='bbox 702 4904 812 4959; x_wconf 81' lang='lat' dir='ltr'><strong><em>fine</em></strong></span> <span class='ocrx_word' id='word_1_291' title='bbox 838 4905 1074 4959; x_wconf 83' lang='lat' dir='ltr'><strong><em>duorum</em></strong></span> <span class='ocrx_word' id='word_1_292' title='bbox 1096 4904 1444 4959; x_wconf 75' lang='lat' dir='ltr'><strong><em>voluminum</em></strong></span> <span class='ocrx_word' id='word_1_293' title='bbox 1467 4903 1585 4958; x_wconf 81' lang='lat' dir='ltr'><strong><em>aliis</em></strong></span> <span class='ocrx_word' id='word_1_294' title='bbox 1608 4903 1862 4957; x_wconf 83' lang='lat' dir='ltr'><strong><em>manibus</em></strong></span> <span class='ocrx_word' id='word_1_295' title='bbox 1886 4919 2026 4957; x_wconf 84' lang='lat' dir='ltr'><strong><em>saec.</em></strong></span> <span class='ocrx_word' id='word_1_296' title='bbox 2045 4903 2145 4956; x_wconf 86' lang='lat' dir='ltr'><strong><em>XII</em></strong></span> <span class='ocrx_word' id='word_1_297' title='bbox 2170 4906 2226 4956; x_wconf 85' lang='lat' dir='ltr'><strong><em>et</em></strong></span> <span class='ocrx_word' id='word_1_298' title='bbox 2247 4901 2369 4956; x_wconf 73' lang='lat' dir='ltr'><strong><em>xlv</em></strong></span> <span class='ocrx_word' id='word_1_299' title='bbox 2386 4906 2611 4956; x_wconf 74' lang='lat' dir='ltr'><strong><em>exarata</em></strong></span> <span class='ocrx_word' id='word_1_300' title='bbox 2625 4907 2775 4968; x_wconf 79' lang='lat' dir='ltr'><strong><em>sunt,</em></strong></span> 
     </span>
     <span class='ocr_line' id='line_1_35' title="bbox 287 4985 2496 5053; baseline 0.002 -15"><span class='ocrx_word' id='word_1_301' title='bbox 287 4999 506 5053; x_wconf 76' lang='lat' dir='ltr'><strong><em>nempe</em></strong></span> <span class='ocrx_word' id='word_1_302' title='bbox 521 4987 638 5042; x_wconf 81' lang='lat' dir='ltr'><strong><em>cod.</em></strong></span> <span class='ocrx_word' id='word_1_303' title='bbox 654 4987 828 5042; x_wconf 68' lang='lat'><strong>22240</strong></span> <span class='ocrx_word' id='word_1_304' title='bbox 849 4987 942 5043; x_wconf 74' lang='lat' dir='ltr'><strong><em>fol.</em></strong></span> <span class='ocrx_word' id='word_1_305' title='bbox 961 4987 1045 5042; x_wconf 75' lang='lat'><strong><em>1-2</em></strong></span> <span class='ocrx_word' id='word_1_306' title='bbox 1063 4991 1119 5041; x_wconf 86' lang='lat' dir='ltr'><strong><em>et</em></strong></span> <span class='ocrx_word' id='word_1_307' title='bbox 1129 4987 1223 5044; x_wconf 82' lang='lat' dir='ltr'><strong><em>fol.</em></strong></span> <span class='ocrx_word' id='word_1_308' title='bbox 1245 4987 1460 5052; x_wconf 47' lang='lat' dir='ltr'><strong><em>eom-9¹,</em></strong></span> <span class='ocrx_word' id='word_1_309' title='bbox 1485 4986 1606 5041; x_wconf 91' lang='lat' dir='ltr'><strong><em>cod.</em></strong></span> <span class='ocrx_word' id='word_1_310' title='bbox 1628 4987 1789 5040; x_wconf 68' lang='lat' dir='ltr'><strong><em>222ss</em></strong></span> <span class='ocrx_word' id='word_1_311' title='bbox 1820 4985 2045 5040; x_wconf 74' lang='lat' dir='ltr'><strong><em>sol.1&#39;·2</em></strong></span> <span class='ocrx_word' id='word_1_312' title='bbox 2070 4990 2128 5039; x_wconf 82' lang='lat' dir='ltr'><strong><em>et</em></strong></span> <span class='ocrx_word' id='word_1_313' title='bbox 2148 4985 2241 5039; x_wconf 77' lang='lat' dir='ltr'><strong><em>fol.</em></strong></span> <span class='ocrx_word' id='word_1_314' title='bbox 2265 4985 2496 5042; x_wconf 73' lang='lat'>195203.</span> 
     </span>
    </p>
   </div>
   <div class='ocr_carea' id='block_1_8' title="bbox 569 5084 2506 5155">
    <p class='ocr_par' dir='ltr' id='par_1_9' title="bbox 569 5084 2506 5155">
     <span class='ocr_line' id='line_1_36' title="bbox 569 5084 2506 5155; baseline 0.002 -15"><span class='ocrx_word' id='word_1_315' title='bbox 569 5103 715 5144; x_wconf 71' lang='grc' dir='ltr'><em>Αιω..</em></span> <span class='ocrx_word' id='word_1_316' title='bbox 745 5104 911 5155; x_wconf 67' lang='lat' dir='ltr'><strong><em>nou„</em></strong></span> <span class='ocrx_word' id='word_1_317' title='bbox 941 5104 992 5142; x_wconf 78' lang='grc' dir='ltr'><strong><em>τ.</em></strong></span> <span class='ocrx_word' id='word_1_318' title='bbox 1027 5104 1157 5142; x_wconf 67' lang='lat' dir='ltr'><strong><em>xru.</em></strong></span> <span class='ocrx_word' id='word_1_319' title='bbox 2476 5084 2506 5137; x_wconf 84' lang='grc'><strong>7</strong></span> 
     </span>
    </p>
   </div>
  </div>
 </body>
</html>
