3487 5450
676 507 826 580 412

719 719 780 783 7.
822 716 1004 783 Affre
1025 734 1115 780 m.
1151 711 1389 776 Donati
1419 729 1523 792 ep.
1561 711 1626 773 et
1655 727 1746 771 m.

717 821 778 886 8.
820 816 1051 884 Ciriaci
1072 834 1162 879 m.
1198 817 1264 878 et
1286 809 1628 877 sociorum.

719 921 778 986 9.
821 917 1076 1001 Vigilia.

683 1022 778 1085 10.
820 1018 1157 1084 laum-ru
1183 1032 1273 1077 m.

685 1122 778 1185 11.
821 1116 1107 1182 Tiburcii
1134 1134 1225 1178 m.

684 1220 778 1285 13.
820 1216 1031 1302 Ipoliti
1063 1218 1129 1281 et
1158 1212 1482 1278 sociorum
1513 1206 1675 1272 eiuS.

683 1318 779 1385 14.
825 1314 1086 1382 Eusebii
1115 1311 1284 1378 conf.

684 1419 781 1483 15.
821 1418 1178 1482 Assumrio
1209 1432 1264 1476 s.
1297 1409 1508 1475 Mum:
1537 1424 1707 1470 vmss.

683 1519 781 1585 17.
824 1516 1054 1581 Octav.
1089 1533 1144 1578 S.
1176 1507 1506 1576 Laurentii
1534 1525 1624 1570 m.

680 1619 783 1685 20.
824 1613 1090 1699 Agapiti
1123 1631 1214 1677 m.
1267 1620 1278 1633 '⁷

680 1717 783 1784 22.
825 1716 1055 1781 Octav.
1109 1705 1597 1792 assumptionis.
1657 1700 1883 1766 Timo·

888 1813 1022 1880 thei
1052 1815 1118 1876 et
1140 1803 1602 1891 Simphoriani.

683 1915 783 1981 23.
829 1912 1078 1996 Vigilia.

682 2015 785 2081 24.
829 2014 1279 2079 ΒΑΒτΗοιοΜι-ῑι
1307 2023 1526 2070 Aros‘r.

682 2114 805 2181 28.
829 2108 1176 2194 Augustini
1197 2104 1302 2190 ep.
1330 2107 1397 2169 et
1418 2100 1584 2168 conf.
1606 2099 1885 2165 Herme-

891 2211 973 2276 tis
1001 2229 1093 2273 m.

685 2313 786 2378 29.
830 2307 1186 2376 Decollatio
1237 2325 1291 2370 s.
1324 2299 1632 2368 Iohannis
1662 2297 1888 2381 Bapti-

687 2512 800 2580 30.
831 2412 1057 2575 Fgltiiis
1087 2508 1153 2570 et
1174 2500 1458 2569 Adaucti
1485 2518 1646 2583 mm.

1422 516 1867 573 GALBNDARIA
1919 511 2459 566 anTnTTnNslA.

2270 706 2523 763 Mense
2572 703 2885 764 Octobri.

2025 818 2081 882 1.
2124 815 2406 899 Remigii
2432 818 2620 899 pont.
2647 818 2714 878 et
2735 814 2904 880 conf.

2021 917 2080 982 2.
2124 915 2507 998 Leodegarii
2527 934 2620 980 m.

2018 1016 2081 1081 4.
2128 1015 2454 1081 Francisci
2475 1013 2646 1079 conf.

2019 1117 2079 1181 7.
2122 1115 2324 1180 Marci
2363 1134 2557 1199 pape.
2606 1113 2813 1197 Sergii
2856 1118 2922 1178 et
2970 1113 3187 1179 Bachi

2186 1234 2345 1279 mm.

2021 1314 2081 1379 9.
2126 1312 2393 1397 Dionisii
2423 1316 2490 1378 et
2516 1312 2846 1377 sociorum
2866 1312 3028 1378 eius.

1985 1413 2081 1478 10.ο
2126 1412 2439 1479 Gereonis
2460 1430 2539 1477 ac
2565 1412 2892 1477 sociorum
2921 1411 3091 1477 eius.

1985 1515 2080 1580 12.
2124 1514 2497 1580 Translatio
2540 1534 2592 1578 s,
2621 1513 2992 1597 Valpurgis.

1984 1613 2082 1678 13.
2125 1612 2472 1678 Dnmcxrio
2550 1631 2877 1676 nocemur.
2935 1611 3197 1677 Exsta-

2197 1732 2334 1776 rna.

1985 1811 2083 1876 14.
2136 1810 2373 1877 Calixti
2395 1829 2569 1893 pape
2592 1812 2659 1874 et
2685 1828 2777 1873 m.

1988 1911 2084 1976 16.
2130 1910 2297 1977 Galli
2323 1910 2492 1975 conf.

1989 2010 2083 2074 18.
2129 2010 2299 2075 Luce
2338 2028 2569 2090 evang.

1987 2108 2084 2174 19.
2129 2107 2413 2172 Ianuarii
2429 2110 2495 2171 et
2518 2108 2841 2172 sociorum
2864 2106 3003 2173 eius
3019 2127 3203 2173 mm.

1986 2206 2088 2273 21.
2134 2205 2450 2271 Undecim
2479 2205 2730 2271 milium
2759 2205 2920 2288 virg.

1985 2306 2085 2371 23.
2136 2304 2429 2370 Severini
2461 2324 2566 2389 ep.

1985 2404 2087 2469 25.
2133 2403 2411 2488 Crispini
2439 2408 2505 2469 et
2535 2402 2857 2485 Crispiani
2885 2422 3055 2468 mm.

1985 2504 2088 2568 27.
2136 2502 2384 2585 Vigilia.

1886 2630 1889 2631 ⁷
1987 2602 2087 2667 28.
2130 2601 2379 2666 Smoxis
2402 2620 2479 2664 m·
2508 2601 2675 2665 lune.

776 2735 780 2739 »
934 2698 1186 2755 Mense
1215 2683 1637 2761 septembri.

737 2812 791 2875 1.
832 2805 1038 2890 Egidii
1069 2801 1239 2868 conf.

733 2910 794 2974 3.
835 2904 1152 2988 Seraphie
1179 2901 1339 2982 virg.
1368 2902 1436 2963 et
1463 2915 1554 2961 m.

621 3029 627 3066 ss
703 3010 793 3076 ,6.
835 3005 1053 3087 Magni
1081 3001 1249 3067 conf.

734 3109 796 3175 8.
836 3107 1183 3172 Numus
1213 3121 1265 3166 s.
1302 3098 1510 3163 MAmn
1537 3113 1707 3159 vine.

733 3210 794 3274 9.
839 3203 1143 3286 Gorgonii
1173 3220 1264 3264 m.

699 3310 795 3373 11.
839 3303 1065 3370 Prothi
1095 3305 1161 3365 et
1189 3295 1452 3363 lacincti
1478 3313 1639 3358 mm.

697 3408 796 3472 14.
838 3401 1164 3469 Exaltatio
1187 3419 1243 3462 s.
1270 3394 1498 3461 crucis.
1527 3388 1805 3457 Cornelii
1829 3392 1896 3454 et

904 3498 1215 3584 Cipriani.

703 3606 797 3670 15.
841 3598 1209 3667 Nicomedis
1238 3615 1329 3659 m.

705 3706 798 3770 16.
842 3700 1136 3768 Eufemie
1164 3697 1325 3778 virg.
1361 3696 1426 3758 et
1455 3712 1544 3756 m.
1594 3687 1790 3754 Lucie
1833 3694 1899 3751 et

909 3796 1297 3866 Geminiani.

704 3903 800 3968 17.
843 3897 1177 3981 Lamperti
1205 3915 1296 3959 m.
1331 3895 1396 3957 et
1423 3892 1608 3974 pont.

680 4004 799 4070 20.
843 3999 1092 4082 vigilia.

700 4103 801 4167 21.
844 4100 1098 4164 MATnm
1129 4112 1343 4159 APOST.
1374 4109 1452 4154 m·
1484 4106 1705 4152 svam.

702 4202 801 4266 22.
847 4197 1136 4264 Mauricii
1164 4197 1230 4258 et
1260 4191 1583 4257 sociorum
1611 4185 1772 4250 eius.

701 4298 803 4362 23.
847 4293 1040 4359 Tecle
1062 4292 1220 4373 virg.
1258 4292 1324 4352 et
1353 4307 1444 4350 m.

703 4398 802 4462 24.
846 4392 1122 4476 Ruperti
1153 4392 1335 4473 pont.

702 4498 802 4561 26.
848 4492 1131 4575 Cipriani
1146 4491 1311 4571 ep.et
1326 4481 1804 4563 Iustinevirg.et
1815 4497 1901 4542 m.

702 4595 802 4660 27.
850 4592 1086 4658 Cosme
1117 4592 1181 4653 et
1204 4582 1505 4651 Damiani
1529 4599 1688 4645 mm.

703 4696 804 4761 28.
849 4687 1212 4755 Ventzeslai
1241 4705 1329 4750 m.

704 4795 804 4859 29.
846 4790 1188 4856 Mianems
1219 4800 1529 4848 Ancuaxe.

705 4895 806 4959 30.
850 4885 1212 4956 Hieronimi
1241 4882 1461 4967 presb.

1988 2702 2090 2767 29.
2134 2700 2418 2767 Narcissi
2439 2721 2528 2766 m.
2565 2705 2630 2765 et
2657 2704 2843 2784 pont.

1990 2800 2093 2866 31.
2138 2800 2386 2884 Vigilia.

2239 2973 2490 3030 Mense
2513 2968 2927 3029 Novembri.

2039 3081 2093 3144 1.
2141 3080 2389 3145 Omma
2418 3098 2807 3162 saumana.

2034 3180 2093 3244 2.
2133 3179 2470 3245 'Eustachii
2527 3184 2593 3243 et
2641 3178 2968 3244 sociorum
3030 3180 3211 3247 eius.

2199 3278 2749 3344 Commemoratio
2779 3277 3197 3346 ammarum.

2037 3384 2098 3443 6.
2144 3377 2509 3444 Leonhardi
2534 3377 2702 3441 conf.

2040 3478 2098 3543 7.
2146 3477 2506 3562 Vilhbrordi
2536 3477 2705 3554 conf.
2741 3480 2805 3541 et
2825 3481 3020 3558 pont.

2040 3577 2101 3642 8.
2146 3576 2442 3654 Quatuor
2470 3578 2956 3640 coronatorum.

2038 3677 2097 3741 9.
2139 3675 2464 3740 Theodori
2492 3694 2582 3739 m.

2005 3777 2099 3840 10.
2141 3775 2400 3840 Martini
2428 3793 2601 3857 pape
2625 3778 2691 3837 et
2712 3793 2802 3837 111.

2006 3877 2099 3939 11.
2145 3875 2414 3938 MARTm
2446 3893 2540 3936 ΒΡ.

2007 3975 2102 4038 12.
2146 3973 2398 4039 Arsacii
2422 3993 2523 4055 ep.

2009 4073 2102 4137 13.
2149 4074 2370 4138 Briccii
2399 4076 2585 4155 pont.

2007 4175 2103 4239 16.
2148 4173 2446 4239 Othmari
2471 4171 2624 4237 abb.

2010 4275 2108 4340 18.
2150 4273 2379 4339 Octav.
2414 4293 2466 4337 s.
2503 4271 2762 4336 Martini
2792 4290 2898 4354 ep.

2012 4376 2104 4441 19.
2153 4372 2487 4438 Elizabeth
2510 4371 2725 4435 vidue.

2005 4476 2106 4540 212
2148 4471 2555 4537 presentatio
2586 4491 2639 4535 s.
2674 4470 2876 4535 Marie
2908 4471 3089 4557 virg.

2004 4575 2105 4639 22.
2150 4571 2381 4638 Cecilie
2402 4571 2563 4652 virg.
2598 4573 2664 4634 et
2685 4589 2775 4634 m.

2004 4673 2104 4738 23.
2150 4670 2500 4737 Clementis
2539 4688 2710 4751 pape
2755 4667 2820 4733 et
2849 4688 2943 4734 m.
2981 4671 3238 4742 Felici-

2212 4770 2367 4834 tatis
2390 4790 2480 4833 m.
2863 4761 2866 4764 ’

2008 4872 2109 4938 24.
2153 4869 2487 4953 Crisogoni
2508 4887 2599 4932 m.
