3487 5450
736 443 883 516 418
1548 463 1635 514 m:
1689 463 2108 514 INVENTIONE
2163 463 2403 513 cnums

737 652 965 737 κόσμῳ
1011 652 1337 730 θαυμάσια
1365 651 1629 730 μεγάλα.
1658 651 1943 730 ποίησον
1973 648 2096 714 οὖν
2124 651 2199 713 τὸ
2228 650 2417 727 τέρας
2435 651 2651 713 ’τοῦτο
2685 649 2785 711 καὶ
2817 650 2912 727 ὡς
2935 650 3215 729 ἐπήκου·

737 775 865 838 σας
886 763 1004 824 τοῦ
1031 759 1429 838 θεράποντός
1452 775 1582 823 σου
1613 759 1963 836 Μωυσέως
1987 758 2087 821 καὶ
2119 759 2359 834 ἔδειξας
2389 757 2534 835 ἡμῖν
2563 758 2642 821 τὰ
2671 756 2840 820 ὀστᾶ
2877 761 2995 821 τοῦ
3028 758 3214 822 ἀδελ-

736 870 874 944 φοῦ
920 867 1103 945 ἡμῶν
1145 866 1388 945 Ἰωσὴφ
1433 866 1591 930 ὄντα
1619 865 1688 931 ἐν
1720 870 2000 948 κρυπτῷ,
2034 863 2251 942 οὓτως
2302 865 2400 927 καὶ
2430 867 2565 938 νῦν,
2608 864 2659 928 εί
2705 865 2855 949 θέλῃ
2889 864 3212 931 ἀναδεῖξαι

736 975 881 1052 ἡμῖν
908 975 984 1037 τὸ
1019 976 1456 1052 κεκρυμμένον
1480 974 1837 1052 θησαυρόν,
1868 974 2151 1050 ποίησον
2182 973 2251 1035 ἐκ
2279 975 2395 1035 τοῦ
2425 972 2633 1036 τόπου
2668 972 2914 1036 ἐκείνου
2952 977 3211 1038 καπνοῦ

735 1079 1014 1145 εὐωδίαν
1045 1081 1248 1145 ἐλθεῖν
1271 1080 1382 1144 ἵνα
1404 1080 1579 1157 κάγὼ
1610 1078 1947 1144 πιστεύσω
1971 1085 2064 1162 τῷ
2086 1078 2562 1163 ἐσταυρωμένω
2590 1078 2863 1162 Χριστῷ,
2889 1078 2985 1143 ὅτι
3010 1079 3215 1158 αὐτός
3253 1091 3285 1138 5

735 1188 911 1253 ἐστιν
941 1189 976 1253 6
1010 1190 1311 1269 βασιλεὺς
1338 1192 1458 1254 τοῦ
1492 1188 1747 1268 Ἰσραὴλ
1777 1189 1875 1251 καὶ
1907 1189 2131 1266 σωτὴρ
2174 1190 2292 1251 τοῦ
2337 1186 2580 1263 παντὸς
2628 1187 2882 1265 κόσμου
2931 1188 3021 1265 είς
3050 1190 3219 1267 τοὺς

737 1296 979 1374 αἰῶνας
1013 1300 1147 1361 τῶν
1191 1296 1449 1362 αἰώνων
1501 1295 1684 1375 ἀμήν.
1736 1298 1938 1359 ταῦτα
1988 1298 2061 1358 δὲ
2110 1294 2457 1381 εὐξαμένου
2517 1296 2636 1357 τοῦ
2698 1293 2907 1358 Ἰούδα
2964 1294 3220 1373 εὐθέως

738 1404 1003 1481 ἐσείσθη
1032 1403 1069 1467 6
1092 1404 1298 1480 τόπος
1327 1403 1569 1480 ἐκεῖνος
1594 1403 1693 1465 καὶ
1714 1406 1965 1480 πλῆθος
1988 1404 2236 1465 καπνοῦ
2262 1400 2623 1479 ἀρωμάτων
2646 1401 2924 1478 εὐωδίας
2952 1402 3223 1479 ἐξῆλθεν

737 1510 844 1573 ἀπ’
865 1511 1089 1585 αὐτοῦ,
1108 1511 1281 1574 ὥστε
1296 1510 1721 1589 θαυμάσαντα
1742 1511 1858 1573 τὸν
1878 1508 2126 1573 Ἰούδαν
2150 1514 2460 1587 κροτῆσαι
2485 1508 2598 1585 τὰς
2626 1510 2841 1587 χεῖρας
2866 1509 2965 1571 καὶ
2991 1508 3223 1572 εἰπεῖν·

738 1616 836 1680 ἐπ’
861 1618 1159 1696 ἀληθείας
1187 1619 1207 1656 ¹
1237 1618 1513 1697 Χριστὸς
1543 1619 1630 1682 σὺ
1665 1611 1731 1691 εἷ,
1767 1616 1802 1680 6
1836 1618 2060 1695 σωτὴρ
2094 1619 2211 1681 τοῦ
2237 1617 2517 1692 κόσμου·
2544 1615 2907 1695 εὐχαριστῶ
2935 1631 3046 1680 σοι
3071 1615 3222 1688 οὖν,
3267 1630 3324 1679 «ο

740 1727 937 1805 κύριε,
962 1725 1059 1791 ὅτι
1090 1725 1350 1792 ἀνάξιόν
1379 1744 1454 1803 με
1486 1725 1643 1789 ὄντα
1672 1723 1794 1788 οὐκ
1823 1724 2141 1801 ἐποιήσας
2170 1722 2441 1801 ἄμοιρον
2470 1727 2584 1800 τῆς
2607 1728 2732 1802 σῆς
2758 1723 3049 1802 χάριτος.
3075 1725 3227 1788 δέο-

740 1853 846 1910 μαι
870 1831 993 1896 οὐν
1039 1847 1167 1895 σου
1188 1831 1229 1906 ²,
1263 1830 1440 1909 κύριε
1469 1830 1683 1909 Ἰησοῦ
1714 1830 1945 1908 Χριστέ
1960 1830 2004 1905 ⁸,
2030 1829 2558 1909 ἀμνησικάκησον
2587 1829 2687 1893 ἐπὶ
2714 1832 2852 1908 ταῖς
2883 1829 3231 1909 ἁμαρτίαις

743 1960 870 2017 μου
902 1940 1004 2002 καὶ
1033 1938 1650 2017 συγκαταρίθμησόν
1679 1958 1755 2017 με
1777 1938 1931 2015 μετὰ
1958 1940 2078 2002 τοῦ
2100 1938 2658 2015 πρωτομάρτυρός
2689 1952 2817 2001 σου
2850 1939 3229 2015 Στεφάνου,

744 2047 904 2110 διότι
934 2044 1112 2122 κάγὼ
1155 2046 1348 2124 γένος
1380 2044 1581 2109 αὐτοῦ
1614 2043 1758 2123 εἰμι.
1788 2046 1990 2108 ταῦτα
2028 2047 2100 2108 δὲ
2139 2044 2336 2108 εἰπών
2378 2044 2415 2107 6
2467 2043 2712 2122 Ἰούδας
2749 2045 3231 2124 διαλαβόμενος

745 2153 1074 2232 ὀρυκτῆρα
1102 2153 1202 2215 καὶ
1234 2149 1717 2231 διαζωσάμενος
1746 2152 2058 2228 γενναίως
2090 2151 2184 2229 ώς
2214 2150 2521 2229 Ἀβραάμ,
2547 2152 2622 2214 τὸ
2655 2151 2910 2231 ὄρυγμα
2938 2153 3229 2216 ἐποιεῖτο
3269 2166 3329 2213 «5

745 2261 902 2340 μετὰ
930 2260 1030 2323 καὶ
1059 2259 1273 2323 ἄλλων
1295 2263 1504 2323 τινῶν.
1528 2258 1902 2337 ώρῦξαντος
1926 2262 1997 2323 δὲ
2027 2259 2296 2336 όργυίας
2317 2259 2344 2295 ⁴
2367 2257 2572 2322 εἴκοσι
2603 2258 2800 2338 εὗρον
2821 2263 2993 2339 τρεῖς
3021 2275 3230 2323 σταυ-

748 2371 909 2447 ροὺς
958 2367 1435 2446 κεχωσμένους,
1468 2366 1587 2443 οῦς
1635 2365 2023 2444 ἀνελόμενος
2067 2364 2314 2444 Ἰούδας
2360 2364 2686 2443 ἀπήγαγεν
2729 2367 2820 2445 εἰς
2857 2368 2977 2443 τήν
3004 2367 3227 2431 πόλιν·

748 2474 920 2553 ἦσαν
948 2474 1070 2552 γὰρ
1102 2472 1506 2553 ἐκδεχόμενοι
1535 2473 1769 2551 πάντες
1800 2472 1860 2537 οἱ
1890 2472 1960 2536 ἐν
1990 2472 2405 2551 Ἰερουσαλὴμ
2436 2474 2553 2549 τὴν
2583 2473 2780 2538 δόξαν
2819 2476 2940 2537 τοῦ
2986 2475 3223 2553 κυρίου

751 2585 850 2647 καὶ
902 2582 1044 2645 ἰδοὺ
1098 2581 1240 2659 ὥρα
1289 2580 1369 2658 ἦν
1420 2581 1580 2644 ώσεὶ
1618 2580 1807 2658 ἐνάτη
1833 2580 1859 2618 ⁶
1910 2580 2020 2645 ὅτε
2068 2581 2486 2659 προσήγαγεν
2538 2580 2784 2658 Ἰούδας
2836 2583 2997 2660 τοὺς
3047 2584 3224 2660 τρεῖς

753 2691 1091 2768 σταυροὺς
1120 2693 1196 2771 τῇ
1230 2689 1606 2774 βασιλίσσῃ.
1639 2688 1675 2767 ἡ
1710 2691 1783 2753 δὲ
1812 2688 2232 2769 ἀποκριθεῖσα
2263 2689 2427 2765 λέγει
2458 2687 2660 2772 αὐτῷ·
2690 2692 2834 2768 πῶς
2857 2690 3228 2769 γνώσομαι,
3274 2708 3338 2759 Ξο

754 2797 1032 2875 Ἰούδας,
1061 2798 1251 2874 ποῖός
1281 2796 1456 2862 ἐστιν
1502 2796 1539 2860 6
1586 2796 1878 2874 σταυρὸς
1927 2800 2044 2859 τοῦ
2088 2796 2392 2874 Χριστοῦ;
2425 2796 2684 2873 οἴδαμεν
2724 2797 2848 2883 γὰρ
2881 2795 2979 2860 ὅτι
3009 2795 3071 2860 οἱ
3100 2797 3231 2861 δύο

754 2910 890 2970 τῶν
917 2907 1180 2994 λῃστῶν
1210 2904 1398 2968 εἰσιν·
1428 2904 1575 2968 τότε
1605 2904 1842 2984 ἔθηκαν
1866 2903 2109 2982 αὐτοὺς
2138 2903 2377 2981 μέσονῦ
2397 2907 2513 2981 τῆς
2535 2904 2792 2981 πόλεως
2822 2904 3237 2983 ἐκδεχόμενοι

755 3015 873 3091 τὴν
924 3012 1118 3077 δόξαν
1167 3013 1284 3074 τοῦ
1318 3011 1518 3074 Θεοῦ.
1550 3010 1650 3073 καὶ
1673 3010 1697 3047 ⁷
1749 3010 1892 3074 ἰδοὺ
1924 3012 2067 3089 περὶ
2096 3011 2145 3075 ε’
2170 3010 2197 3047 ⁸
2237 3013 2354 3088 τῆς
2384 3010 2623 3088 ἡμέρας
2666 3011 3241 3089 προ<κο>μίζετο’

756 3116 967 3197 νεκρά,
1021 3117 1167 3181 τότε
1219 3116 1466 3195 Ἰούδας
1517 3116 1835 3181 ἐθεάσατο
1887 3117 2101 3195 κλίνην
2151 3116 2219 3180 ἐν
2270 3116 2307 3199 ᾗ
2360 3116 2712 3195 ἐπεφέρετο
2754 3118 3096 3195 νεανίσκος
3134 3138 3241 3197 τις

759 3227 1081 3302 τεθνηκὼς
1132 3225 1232 3287 καὶ
1281 3226 1629 3304 περιχαρὴς
1678 3224 2027 3302 γενόμενος
2076 3224 2266 3299 λέγει·
2311 3226 2431 3288 νῦν
2480 3226 2735 3309 γνώσῃ,
2768 3226 3108 3299 δέσποινα,
3152 3226 3237 3289 τὸ
3279 3245 3344 3294 iz

757 3333 1207 3410 πεποθημένον
1237 3331 1431 3396 ξύλον
1462 3333 1560 3395 καὶ
1590 3333 1706 3408 τὴν
1738 3329 2005 3409 δύναμιν
2036 3330 2263 3394 αὐτοῦ·
2290 3331 2389 3394 καὶ
2415 3334 2756 3411 κατασχών
2780 3332 2818 3395 6
2845 3331 3089 3409 Ἰούδας
3111 3334 3239 3409 τὴν

761 3441 978 3517 κλίνην
1008 3439 1231 3517 ἔθηκεν
1260 3440 1418 3515 τοὺς
1447 3437 1569 3502 δύο
1603 3439 1938 3515 σταυροὺς
1969 3438 2069 3500 καὶ
2100 3441 2368 3514 σημεῖον
2397 3437 2520 3501 οὐκ
2543 3438 2815 3514 ἐγένετο,
2837 3440 2984 3504 τότε
3006 3439 3245 3505 ἐπιθεί-

763 3565 890 3625 σας
919 3548 1032 3610 τὸν
1062 3546 1278 3623 τρίτον
1313 3545 1420 3608 ἐπὶ
1447 3545 1563 3610 τὸν
1592 3544 1840 3622 νεκρόν,
1881 3544 2123 3635 εὐθέως
2152 3544 2389 3623 ἀνέστη
2420 3546 2471 3583 ¹⁰
2501 3545 2538 3609 6
2569 3547 2911 3626 νεανίσκος
2941 3547 2979 3610 6
3010 3553 3244 3625 τεθνη-

764 3642 921 3733 κώς·
971 3654 1199 3719 πολλοὶ
1227 3651 1373 3717 ὀὐν
1423 3656 1556 3717 τῶν
1613 3652 1941 3716 Ἰουδαίων
1993 3652 2377 3729 θεασάμενοι
2421 3653 2789 3719 ἀναστάντα
2830 3656 2945 3718 τὸν
2997 3657 3245 3734 νεκρὸν

763 3762 1158 3826 ἐπίστευσαν
1211 3759 1299 3838 εἰς
1342 3761 1457 3824 τὸν
1491 3759 1794 3838 Χριστόν·
1836 3759 2077 3828 τούτου
2124 3759 2243 3823 οὖν
2288 3760 2614 3838 θαύματος
2654 3762 3007 3842 γεναμένου
3037 3761 3248 3839 ἦλθεν
3287 3781 3353 3832 3ο

764 3871 957 3950 φωνὴ
1014 3869 1078 3935 ἐξ
1132 3867 1326 3947 ἀέρος
1378 3861 1946 3947 ἀγανακτήσαντος
1998 3871 2115 3932 τοῦ
2176 3868 2481 3947 διαβόλου
2532 3870 2631 3932 καὶ
2680 3871 2988 3946 λέγοντος
3035 3877 3247 3954 φωνῇ

763 3977 1003 4061 μεγάλῃ
1037 3975 1287 4053 οὕτως·
1319 3975 1412 4053 τίς
1440 3974 1615 4039 ἐστιν
1647 3975 1846 4054 οὗτος
1875 3975 2063 4041 πάλιν
2091 3975 2130 4040 6
2162 3978 2242 4055 μὴ
2285 3976 2412 4040 ἐῶν
2442 3995 2518 4056 με
2547 3978 2849 4042 δέξασθαι
2878 3978 2990 4054 τὰς
3017 3978 3253 4058 ψυχὰς

761 4091 893 4152 τῶν
915 4086 1087 4164 ἐμῶν
1111 4083 1505 4162 ἀνθρώπων;
1531 4083 1592 4150 ὦ,
1607 4082 1822 4160 Ἰησοῦ
1854 4084 2199 4162 Ναζαρηνέ,
2223 4084 2468 4161 πάντας
2492 4084 2582 4161 είς
2607 4083 2840 4149 ἑαυτὸν
2865 4083 3173 4168 εἵλκυσας
3194 4088 3250 4125 ¹¹

767 4197 867 4259 καὶ
898 4194 970 4257 τὸ
1003 4193 1199 4259 ξύλον
1230 4207 1358 4266 σορυ
1395 4191 1810 4271 ἐφανερώθη;
1843 4191 1975 4257 κατ’
2008 4193 2181 4270 ἐμοῦ,
2218 4191 2270 4253 ὦ
2305 4190 2536 4266 Ἰούδα,
2569 4192 2623 4255 τί
2653 4194 2850 4255 τοῦτο
2882 4192 3205 4272 ἐποίησας
3234 4216 3251 4270 ;

764 4304 1028 4381 πρῶτον
1058 4302 1171 4377 μὲν
1199 4300 1319 4377 γὰρ
1352 4300 1456 4363 διὰ
1486 4298 1696 4362 Ἰούδα
1718 4302 1835 4361 τοῦ
1866 4299 2198 4378 προδότου
2225 4299 2503 4376 ἐποίησα
2527 4297 2641 4363 τὸν
2669 4299 2831 4363 λαὸν
2853 4298 3249 4378 ἁμαρτῆσαι,
3292 4317 3358 4366 ³5

767 4409 867 4473 καὶ
886 4410 1006 4473 νῦν
1030 4407 1157 4471 ἀπὸ
1185 4407 1392 4472 Ἰούδα
1423 4407 1606 4471 ἔνθεν
1637 4405 2098 4485 ἀπελαύνομαι·
2129 4405 2327 4496 εὖρον
2356 4402 2533 4482 κάγὼ
2556 4406 2613 4470 τί
2633 4407 2893 4485 ποιήσω
2923 4427 3085 4470 κατα
3108 4414 3257 4473 σοῦ

767 4516 1001 4582 Ἰούδα·
1032 4514 1543 4594 μηχανισάμενος
1586 4515 1708 4591 γὰρ
1756 4513 1826 4578 ἐν
1867 4520 1942 4596 τῇ
1990 4513 2106 4596 ἐμῇ
2153 4513 2425 4592 δυνάμει·
2459 4513 2683 4592 ἐγείρω
2717 4515 2939 4594 ἕτερον
2970 4519 3261 4594 βασιλέα

835 4669 856 4700 ¹
875 4661 1206 4730 ἐπαληθείας
1226 4679 1271 4717 c.
1285 4690 1351 4701 —
1369 4663 1391 4696 ²
1411 4677 1503 4716 σοι
1520 4679 1567 4717 ο.
1587 4690 1648 4702 -
1667 4663 1690 4696 ⁸
1708 4663 1775 4715 ιν’
1794 4663 1877 4729 χρ’
1897 4679 1943 4717 c.
1958 4690 2024 4701 —
2040 4663 2062 4697 ⁴
2086 4662 2280 4730 ὀργίας
2300 4680 2345 4717 c.
2361 4691 2427 4702 —
2445 4664 2467 4698 ⁵
2485 4664 2691 4731 ἐννάτη
2712 4681 2835 4718 c.-
2852 4664 2876 4699 ⁶
2892 4665 3113 4730 μέσσον
3132 4683 3264 4721 c.-

771 4744 792 4783 ⁷
816 4746 907 4802 καὶ
932 4746 1056 4800 ἰδοὺ
1075 4770 1097 4786 ·
1115 4746 1288 4812 νεκρά
1310 4748 1368 4798 in
1392 4763 1568 4813 mary.
1604 4761 1650 4799 ο.
1675 4772 1741 4783 -
1765 4745 1789 4779 ⁸
1817 4744 1947 4811 περὶ
1970 4747 2015 4798 ῶ
2044 4761 2090 4798 c.
2113 4776 2176 4784 —
2205 4746 2228 4780 ⁹
2247 4745 2615 4812 προ”μίζετο
2641 4762 2688 4800 ο.
2710 4777 2775 4788 -
2800 4747 2846 4780 ¹⁰
2869 4747 3083 4814 ἀνεύτη
3112 4764 3163 4801 c.
3184 4777 3267 4788 —

771 4828 814 4866 ¹¹
834 4830 1075 4891 ἔλκυσος
1098 4843 1143 4882 c.
