3487 5450
746 554 882 626 148
1296 573 1382 624 os
1437 572 1676 623 >moso
1730 571 2172 623 LEGENDAmo
2225 562 2655 624 Ans-raucos

735 762 938 826 vatim
969 761 1286 826 iacebant.
1327 760 1459 827 Cur
1507 761 1718 844 igitur,
1765 761 1999 828 fratres
2050 761 2383 839 carissimi,
2432 781 2553 844 per
2588 762 2918 844 apostolos
2960 781 3040 828 ac
3080 784 3207 848 per

735 861 1122 945 apostolicos
1156 861 1324 926 viros
1353 880 1538 943 reges
1586 861 1835 939 mundi,
1865 880 2066 944 regna
2110 860 2306 926 etiam
2336 879 2412 925 ac
2458 861 2731 944 imperia
2769 862 3078 945 perfringi
3122 883 3203 928 ac

733 961 876 1025 luce
933 960 1261 1043 signorum
1320 961 1676 1025 eorundem
1742 962 2033 1025 virorum
2087 960 2265 1025 velut
2333 961 2822 1025 firmamentum
2876 962 3202 1028 sideribus

735 1060 1071 1125 ecclesiam
1098 1060 1495 1142 primitivam
1522 1060 1894 1125 illustrarius
1923 1060 2256 1136 miramur,
2287 1078 2435 1124 cum
2470 1060 2537 1124 in
2565 1061 2829 1125 secretis
2856 1061 3035 1126 orbis
3066 1065 3202 1127 ter-

731 1178 957 1225 rarum
983 1160 1344 1224 secessibus
1372 1180 1492 1242 per
1511 1159 1944 1243 pauperculos
1973 1179 2051 1224 ac
2080 1158 2487 1224 mulierculas
2519 1163 2705 1224 tanta
2725 1160 2983 1226 actalia
3003 1162 3205 1226 mira-
3239 1178 3272 1226 ι

733 1259 878 1326 cula
900 1259 1039 1324 fieri
1068 1260 1362 1324 videmus
1380 1259 1429 1297 ¹⁶
1442 1261 1473 1323 ’ἓ

823 1367 931 1425 13.
975 1357 1266 1423 Subinde
1315 1376 1463 1422 cum
1513 1362 1739 1423 tantae
1759 1359 1780 1396 ¹
1822 1357 2023 1423 cladis
2065 1358 2329 1422 nuntius
2371 1357 2547 1442 regi²
2588 1358 2966 1423 universum
3006 1379 3205 1425 suum

735 1458 1094 1523 exercitum
1137 1457 1498 1522 vindicibus
1546 1458 1829 1522 flammis
1878 1457 2166 1522 deletum
2221 1476 2564 1523 accurrens
2620 1457 2936 1523 indicaret
2950 1458 2996 1537 ⁸,
3044 1462 3206 1525 tunc

732 1559 1018 1641 primum
1063 1557 1203 1641 ipse
1242 1576 1361 1621 rex
1388 1557 1416 1594 ⁴
1446 1556 1741 1622 Guareus
1805 1556 2071 1621 timidus
2114 1575 2193 1621 ac
2244 1556 2659 1622 meticulosus
2698 1556 2913 1623 Deum
2967 1559 3204 1624 timere

733 1655 1182 1739 venerarique,
1212 1660 1278 1721 et
1304 1656 1439 1721 iam
1467 1659 1768 1721 sanctum
1800 1656 2229 1721 Mochulleum
2257 1655 2516 1721 Christo
2553 1675 2777 1721 carum
2807 1661 2872 1722 et
2901 1661 3206 1741 accepta·
3244 1673 3311 1723 ιο

735 1756 932 1820 bilem
975 1755 1293 1821 famulum
1341 1755 1538 1822 fuisse
1586 1756 1855 1821 credere
1897 1755 2228 1838 incipiens,
2259 1774 2331 1820 se
2366 1756 2653 1821 extensis
2687 1757 2991 1822 manibus
3017 1758 3206 1896 pedi·

734 1855 1034 1938 busque
1016 1875 1084 1919 m
1112 1859 1357 1920 terram
1397 1854 2049 1938 proiecit⁶.N1mtios
2092 1856 2292 1920 etiam
2334 1854 2422 1920 ad
2458 1855 2669 1921 virum
2696 1860 3016 1935 sanctum,
3048 1857 3205 1941 qui⁸

579 1970 582 1973 ’
647 2018 652 2022 .
729 1974 908 2033 eum,
936 1958 1192 2019 semota
1220 1955 1398 2019 omni
1426 1954 1826 2033 occasione,
1783 1954 1808 1991 ⁷
1857 1955 2266 2030 accersirent,
2295 1954 2547 2020 direxit.
2579 1954 2704 2032 Qui
2731 1974 2972 2038 magna
2999 1956 3204 2022 animi

735 2054 1073 2120 alacritate
1113 2057 1181 2118 et
1228 2053 1475 2119 laetitia
1515 2053 1685 2137 regis
1728 2054 2220 2137 paenitudinem
2268 2052 2406 2119 Deo
2454 2072 2534 2119 ac
2589 2055 2711 2119 sibi
2761 2056 3207 2137 gratissimam

736 2154 920 2219 esse⁸
946 2154 1175 2232 scienS,
1198 2172 1348 2218 cum
1375 2153 1624 2219 eisdem
1648 2152 1879 2236 legatis
1907 2153 1995 2218 ad
2020 2172 2239 2237 regem
2269 2153 2403 2218 iam
2430 2152 2724 2230 mitem,'
2706 2173 2840 2219 iam
2871 2154 3203 2235 humilem,
3249 2169 3316 2218 «e

733 2252 1064 2337 profectus
1087 2256 1205 2317 est.
1221 2251 1431 2330 Quem
1454 2272 1604 2318 cum
1622 2271 1742 2318 rex
1764 2252 1888 2317 sibi
1904 2253 2363 2336 approximare
2375 2251 2664 2319 audisset
2679 2253 2724 2331 ⁰,
2734 2273 2880 2318 sese
2895 2253 3135 2321 iterum
3150 2254 3209 2294 ¹⁰

735 2354 1062 2418 interram
1077 2353 1127 2391 ¹¹
1136 2352 1546 2434 provolvens,
1561 2351 1629 2417 in
1643 2352 1745 2417 his
1761 2352 1978 2417 verbis
1989 2351 2167 2436 prior
2179 2355 2478 2417 sanctum
2502 2352 2817 2418 allocutus
2833 2357 2934 2418 est
2948 2353 3171 2419 dicens
3181 2376 3204 2419 z

735 2450 895 2539 Ego,
922 2471 958 2516 ο
988 2449 1228 2516 Christi
1246 2451 1422 2515 maes
1444 2452 1868 2536 potentissime
1884 2450 1954 2531 ¹⁸,
1975 2451 2204 2515 vermis
2222 2457 2278 2515 et
2298 2471 2423 2514 non
2445 2450 2648 2533 homo,
2676 2451 2966 2516 elationis
2985 2471 3207 2537 super·

735 2549 838 2614 bia
866 2547 1149 2630 inflatus,
1176 2552 1329 2635 quia
1345 2549 1397 2589 ¹⁸
1424 2570 1615 2614 arma
1642 2550 1845 2634 impia
1868 2550 1918 2588 ¹⁴
1946 2551 2015 2613 in
2046 2548 2401 2614 Creatorem
2430 2569 2637 2614 meum
2666 2551 2857 2614 intuli
2882 2571 2961 2615 ac
2985 2558 3045 2616 te
3069 2553 3208 2616 eius

732 2649 1050 2733 famulum
1079 2648 1365 2732 nefanda
1383 2649 1811 2734 perseeutione
1844 2648 1966 2713 huc
1992 2668 2185 2735 usque
2213 2649 2647 2735 persequebar,
2670 2650 2879 2715 oculos
2919 2670 3089 2716 meos
3115 2650 3210 2715 ad
3246 2662 3320 2713 ιο

736 2749 976 2814 caelum
1020 2749 1221 2813 levare
1245 2769 1374 2813 non
1402 2748 1647 2815 audens
1662 2750 1735 2832 ¹⁸,
1776 2756 1849 2814 ut
1890 2748 1977 2813 ad
2014 2748 2221 2814 Deum
2263 2749 2635 2814 salvatorem
2670 2769 2799 2833 pro
2841 2770 2940 2814 me
2979 2752 3214 2817 misero

726 2855 1051 2934 peccatore
1081 2848 1453 2913 intercedere
1501 2849 1801 2935 diyneris,
1848 2848 2170 2914 humiliter
2195 2849 2534 2933 expostulo,
2560 2848 2811 2913 Semota
2851 2849 3032 2914 dein
3035 2852 3217 2916 omni

736 2947 1154 3028 haesitatimze,
1186 2946 1474 3012 derelicto
1499 2949 1681 3031 reyni
1711 2947 1889 3028 solio,
1929 2966 2346 3032 quaecumque
2380 2948 2807 3030 paenitentiae
2845 2947 3127 3014 lamma
3153 2957 3219 3015 et

740 3045 1115 3129 afflictiones
1150 3044 1554 3132 luqubresque
1591 3044 1846 3114 habitus
1878 3066 2003 3130 pro
2046 3053 2180 3110 tam
2216 3045 2568 3129 furialibus
2609 3044 2871 3111 ausibus
2889 3047 2943 3086 ¹⁸
2982 3055 3215 3113 contra

722 3145 1046 3208 'incentIva
1073 3144 1370 3207 vitiorum
1401 3143 1558 3208 mim
1579 3143 1987 3229 praescribis,
2016 3151 2340 3227 tamquam
2370 3140 2638 3207 Domi-ni
2663 3142 3072 3227 disciplinam
3100 3165 3215 3231 eya
3250 3167 3324 3219 ξι

739 3243 932 3309 libens
970 3245 1330 3329 amplector,
1371 3264 1586 3329 meque
1625 3244 1835 3328 ipsum
1885 3244 2074 3307 etiam
2091 3242 2142 3282 ¹⁷
2179 3245 2552 3327 praesertim
2585 3251 2643 3309 et
2685 3264 2929 3330 omnem
2970 3265 3219 3313 ueces-

740 3345 974 3408 sionem
990 3344 1042 3383 ¹⁸
1072 3364 1241 3408 ,neae
1263 3344 1656 3427 posteritatis
1680 3343 1745 3424 ¹⁹,
1778 3335 1955 3407 ceu²⁰
1981 3341 2307 3407 tributarii
2333 3343 2499 3407 iuris
2524 3346 2840 3428 proprios,
2870 3345 3075 3410 altari
3100 3354 3218 3413 tuo

739 3441 1211 3506 immutabiliter
1278 3442 1582 3526 astrinqo.
1653 3442 1863 3525 Aqros
1923 3449 2268 3525 praeterea.
2317 3445 2686 3528 camposque
2755 3444 2881 3509 late
2938 3445 3218 3511 iacentes

741 3540 1020 3606 coenobio
1047 3546 1170 3623 tuo,
1214 3547 1520 3625 quantum
1562 3540 1780 3604 usibus
1820 3546 2110 3625 suppetat
2145 3541 2454 3623 fratrum,
2484 3542 3056 3609 inconvulsabiliter
3096 3546 3220 3611 tibi

740 3660 1008 3705 assume.
3258 3661 3329 3715 3ο

831 3747 942 3804 14.
986 3739 1150 3805 Cum
1177 3738 1371 3822 igitur
1396 3738 1495 3803 vir
1538 3741 1804 3804 sanctus
1831 3737 1952 3802 viri
1980 3742 2120 3803 tam
2148 3737 2416 3804 celebris
2444 3743 2716 3823 tamque
2743 3741 3030 3823 potentis
3056 3761 3225 3808 con·

741 3838 1032 3904 tribulati
1076 3839 1288 3903 cordis
1317 3838 1703 3904 sacrificium
1745 3837 1887 3903 Deo
1915 3837 2316 3921 acceptabile
2354 3857 2432 3903 ac
2473 3839 2650 3904 vitae
2680 3841 3221 3913 emendationem

743 3937 1034 4021 gaudens
1063 3938 1337 4014 audiret,
1365 3957 1586 4019 regem
1609 3938 1692 4003 de
1713 3941 1891 4003 terra
1911 3938 2286 4002 sublimavit
2314 3942 2532 4020 atque,
2554 3959 2748 4022 prece
2770 3939 2963 4017 facta,
2992 3940 3222 4023 ipsum

744 4036 1002 4101 Christo
1029 4035 1500 4100 reconciliando
1519 4031 1590 4099 in
1616 4035 1829 4118 gratia
1850 4035 2178 4101 Creatoris
2199 4035 2625 4101 confirmavit.
2648 4035 2780 4102 Sed
2801 4056 2951 4103 cum
2978 4043 3226 4120 postea

744 4135 928 4200 iuxta
967 4134 1129 4211 loca,
1172 4135 1284 4199 ubi
1324 4153 1600 4217 corpora
1627 4138 1728 4199 tot
1768 4134 2081 4200 nobilium
2109 4138 2452 4217 tamquam
2498 4136 2858 4201 inanimata
2887 4136 3226 4205 cadavera
3266 4160 3336 4209 35

745 4234 1068 4312 iacebant,
1098 4233 1595 4300 deambularent
1612 4235 1655 4313 ¹,
1686 4235 1785 4299 vir
1812 4233 1931 4299 Dei
1958 4234 2127 4316 regis
2169 4234 2428 4300 fletibus
2456 4239 2523 4300 et
2550 4235 2866 4300 miseriis²
2896 4235 3223 4318 devictuS,

742 4474 811 4485 —
835 4442 882 4477 ¹⁸
906 4440 1160 4496 illustrati
1181 4441 1326 4495 AM.
1347 4469 1414 4479 —
1434 4441 1480 4477 ¹⁸
1503 4440 1790 4496 videamus
1806 4441 1865 4496 S.

813 4527 912 4578 13.
947 4552 1016 4565 —
1041 4526 1060 4558 ¹
1084 4524 1257 4577 συιδ.
1278 4551 1347 4575 .-
1367 4523 1391 4557 ¹
1408 4524 1539 4592 regii
1556 4527 1627 4578 Δ.
1654 4552 1719 4562 —-
1736 4524 1763 4557 ⁸
1778 4523 2098 4579 indicaverit
2115 4523 2321 4577 ΑΜΒ.
2337 4551 2404 4563 -—
2424 4525 2450 4558 ⁴
2467 4524 2523 4589 (i.
2541 4526 2608 4591 r.)
2625 4541 2669 4578 r.
2692 4524 2728 4578 i.
2744 4525 2953 4580 ΛΜΞ.
2970 4554 3033 4565 —·
3053 4527 3075 4562 '⁵
3093 4543 3232 4596 pro-

745 4609 899 4664 iectis
935 4608 988 4660 S.
1026 4634 1092 4645 —
1129 4606 1152 4640 ⁸
1174 4621 1280 4675 que
1309 4609 1376 4659 A.
1397 4634 1465 4645 —
1497 4606 1520 4640 ⁷
1553 4606 1656 4661 sibi
1690 4608 1821 4661 add.
1850 4607 1985 4660 MS.
2008 4634 2076 4645 —
2108 4606 2133 4641 ⁸
2160 4623 2263 4660 om.
2302 4607 2509 4662 ΑΜΕ.
2546 4635 2614 4646 -
2653 4608 2677 4642 ⁹
2717 4607 2942 4661 vidisset
2982 4612 3111 4665 AS.
3155 4640 3236 4654 -—

746 4693 796 4727 ¹⁰
817 4695 981 4758 atque
1001 4689 1201 4742 iterum
1224 4691 1351 4742 add.
1375 4690 1429 4745 S.
1450 4720 1517 4730 —
1541 4691 1587 4725 ¹¹
1610 4690 1669 4745 in
1691 4695 1731 4744 t.
1753 4707 1857 4744 om.
1879 4691 1935 4743 S.
1953 4718 2009 4728 -—
2048 4689 2092 4724 ¹¹
2107 4689 2386 4758 potissime
2402 4691 2458 4744 S.
2485 4718 2548 4729 -
2569 4689 2618 4725 ¹⁸
2638 4691 2732 4758 qui
2756 4692 2808 4745 S.
2827 4721 2894 4732 —
2914 4693 2961 4726 ¹⁴
2985 4693 3234 4761 impiam

746 4776 805 4829 S.
818 4801 886 4813 -
904 4773 950 4806 ¹⁶
969 4771 1194 4826 audiens
1212 4773 1260 4825 L
1284 4780 1423 4826 ante·
1440 4790 1613 4841 eorr.;
1633 4773 1867 4828 auderes
1882 4774 1928 4826 S
1951 4765 2076 4827 a‘nte
2091 4789 2235 4828 corr.
2258 4802 2318 4811 —
2341 4773 2389 4807 ¹⁸
2404 4773 2552 4827 ausis
2573 4774 2781 4828 ΑΜΒ.
2803 4803 2870 4813 -
2888 4775 2935 4809 ²⁷
2953 4774 3014 4842 (i.
3034 4778 3102 4841 e.)
3123 4795 3180 4834 e.
3197 4782 3239 4837 i.

751 4855 958 4912 ΑΜΕ.
986 4887 1055 4898 -
1078 4854 1124 4890 ²⁸
1141 4853 1500 4910 successionis
1521 4856 1725 4910 ΑΜΕ.
1740 4884 1809 4895 -
1827 4848 1881 4891 ¹⁹'
1895 4855 2272 4924 posteritatem
2291 4856 2502 4910 Ans.
2524 4883 2592 4894 —
2608 4856 2658 4891 ¹⁰
2682 4872 2781 4910 seu
2804 4858 2861 4911 S.

822 4942 927 4993 14.
963 4966 1030 4978 -—
1054 4939 1075 4973 ¹
1098 4937 1591 4993 deambulaverunt
1613 4939 1779 5005 AM,-
1799 4938 2274 4995 deambulaverint
2292 4939 2352 4995 S.
2374 4967 2441 4978 —-·
2473 4939 2497 4973 ¹
2520 4938 2735 4994 miseris
2768 4941 2827 4994 S.
