3487 5450
1327 517 1689 644 mamus,
2602 570 2753 645 419

272 773 456 854 ὅστις
485 776 849 855 καταλείψει
874 761 994 841 τόν
1021 775 1527 857 ἐσταυρωμένον
1550 779 1573 819 ¹
1595 779 1700 845 καὶ
1724 779 1845 858 τὰς
1873 779 2030 859 ἐμὰς
2061 781 2304 860 βουλὰς
2325 782 2535 860 μέλλει
2556 781 2757 861 πράτ·

268 902 397 949 τειν
427 884 530 948 καὶ
556 884 939 962 παραδώσει
959 883 986 922 ⁸
1036 900 1120 950 σε
1146 887 1384 964 δειναῖς
1411 888 1515 952 καὶ
1542 887 1857 966 ποικίλαις
1883 888 2213 967 τιμωρίαις
2257 889 2361 953 καὶ
2388 889 2538 954 τότε
2564 909 2758 968 τιμω-

199 1043 203 1046 .
269 990 590 1069 ρούμενος
638 989 896 1075 ἀρνήσῃ
937 991 1057 1057 τὸν
1104 992 1607 1073 ἐσταυρωμένον
1639 995 1686 1060 ⁸.
1740 998 1943 1059 ταῦτα
1998 995 2297 1073 ἀκούσας
2354 994 2602 1074 Ἰούδας
2652 997 2756 1061 καὶ
2792 1041 2796 1044 «

268 1096 821 1177 ἐμβριμησάμενος
867 1103 962 1182 τῷ
1009 1099 1320 1178 πνεύματι
1361 1095 1561 1167 εἶπεν·
1599 1101 1639 1167 ό
1667 1101 1828 1179 τοὺς
1876 1104 2155 1182 νεκροὺς
2185 1102 2436 1182 ἐγείρας
2478 1103 2759 1183 Χριστὸς

204 1211 236 1261 δ
269 1206 754 1285 καταθεματίσει
802 1221 884 1272 σε
933 1207 1026 1285 εἰς
1065 1209 1184 1286 τὴν
1224 1206 1532 1288 ἄβυσσον
1574 1211 1694 1275 τοῦ
1736 1210 1976 1288 πυρός,
2024 1209 2116 1288 εἰς
2157 1212 2276 1288 τὴν
2327 1210 2606 1289 ἐσχάτην
2653 1212 2757 1276 καὶ

269 1314 484 1391 δεινὴν
512 1314 785 1378 κόλασιν
811 1314 905 1391 είς
930 1315 1008 1379 τὸ
1039 1315 1167 1380 σὸν
1197 1315 1585 1396 οἰκητήριον.
1613 1319 1823 1381 ταῦτα
1852 1316 2150 1395 ἀκούσαι,
2183 1317 2220 1380 ὁ
2252 1318 2558 1397 διάβολος
2587 1318 2759 1397 ἀφα-

267 1423 387 1500 νὴς
413 1420 689 1496 ἐγένετο.
714 1421 754 1501 ἡ
807 1420 882 1485 δὲ
907 1424 1185 1501 μακαρία
1212 1422 1434 1503 Ἑλένη
1465 1425 1505 1504 ἡ
1549 1425 1909 1505 βασίλισσα
1950 1424 2283 1502 ἐθαύμασε
2320 1427 2438 1503 τὴν
2486 1425 2757 1505 δύναμιν

265 1530 389 1595 τοῦ
418 1527 703 1607 Χριστοῦ
733 1529 837 1592 καὶ
860 1530 982 1606 τὴν
1007 1530 1225 1594 πίστιν
1254 1530 1492 1595 Ἰούδα.
1522 1533 1680 1609 μετὰ
1705 1533 1955 1609 πολλῆς
1986 1534 2059 1595 δὲ
2081 1530 2450 1610 ἀσφαλείας
2477 1532 2759 1611 ἠσφαλί-

269 1650 438 1700 σατο
467 1637 583 1700 τὸν
613 1636 907 1715 σταυρὸν
933 1640 1055 1701 τοῦ
1082 1635 1368 1715 Χριστοῦ
1412 1639 1483 1703 ἐν
1517 1644 1751 1721 χρυσῷ
1797 1639 1901 1703 καί
1943 1639 2147 1716 λίθοις
2187 1639 2415 1717 τιμίοις
2446 1639 2547 1703 καὶ
2575 1640 2763 1717 ποιή-

168 1747 234 1797 ⁴⁰
269 1757 474 1808 σασα»
501 1743 986 1823 γλωσσοκόμον
1041 1745 1396 1823 ἀργυροῦν,
1427 1746 1499 1810 ἐν
1550 1746 1731 1830 αύτῷ
1778 1746 2323 1826 κατησφαλίσατο
2364 1749 2608 1812 τοῦτον
2653 1748 2759 1811 καὶ

267 1850 613 1929 ἐκκλησίαν
652 1850 1028 1929 ἱδρύσασα*
1069 1851 1141 1917 ἐν
1187 1858 1281 1934 τῷ
1325 1854 1592 1931 κρανίου
1611 1856 1639 1893 ⁶
1685 1854 1889 1932 τόπῳ,
1934 1854 2208 1918 ἀπέθετο
2252 1853 2322 1918 ἐν
2364 1853 2585 1937 αὐτῷ’
2639 1855 2761 1919 τὸν

268 1960 564 2037 σταυρὸν
590 1961 713 2023 τοῦ
755 1958 1056 2037 Χριστοῦ.
1086 1959 1126 2022 ὁ
1156 1962 1231 2024 δὲ
1255 1959 1503 2039 Ἰούδας
1529 1964 1749 2041 λαβὼν
1791 1963 1868 2027 τὸ
1923 1963 2208 2041 λοῦτρον
2250 1965 2369 2051 τῆς
2412 1962 2761 2039 ἀναγεννή·

267 2079 451 2143 σεως
476 2065 795 2144 παρέθετο
839 2065 1043 2130 αὐτὸν
1082 2073 1177 2151 τῷ
1206 2067 1344 2131 κατ’
1375 2068 1595 2153 ἐκείνῳ
1624 2074 1719 2152 τῷ
1750 2075 1952 2152 καιρῷ
2007 2068 2363 2151 ἐπισκόπῳ.
2394 2070 2484 2134 ἔτι
2528 2072 2601 2133 δὲ
2640 2073 2760 2148 τῆς

265 2174 585 2252 μακαρίας
610 2172 873 2253 Ἑλένης
895 2173 1112 2253 οὔσης
1133 2174 1205 2240 ἐν
1229 2174 1650 2255 Ἰερουσαλὴμ
1673 2176 1930 2253 ἐγένετο
1960 2177 2078 2240 τὸν
2101 2166 2471 2241 ὁσιώτατον
2500 2175 2763 2241 ἐπίσκο-

159 2283 229 2332 ⁴³
261 2300 396 2346 πον
425 2281 734 2360 φρουρὸν
756 2280 782 2317 '⁸
810 2282 1132 2345 ἀναλῦσαι
1158 2282 1276 2346 τὸν
1305 2283 1448 2360 βίον
1470 2286 1726 2348 τοῦτον.
1758 2283 1798 2362 ἡ
1831 2285 1903 2347 δὲ
1930 2282 2208 2362 μακαρία
2235 2282 2455 2361 Ἑλένη
2488 2302 2756 2361 μετακα-

262 2388 589 2465 λεσαμένη
630 2389 749 2451 τὸν
789 2386 1151 2453 ἐπίσκοπον
1197 2387 1452 2467 Ῥώμης
1501 2389 1770 2469 ὀνόματι
1825 2388 2158 2469 Εύσέβιον,
2193 2391 2594 2468 κατέστησεν
2641 2391 2761 2455 τὸν

263 2493 519 2559 Ἰούδαν
547 2494 906 2560 ἐπίσκοπον
932 2495 1229 2575 ἡγείσθω
1269 2500 1386 2575 τῆς
1413 2497 1601 2576 ἁγίας
1626 2500 1749 2561 τοῦ
1785 2497 1958 2562 Θεοῦ
2007 2496 2375 2576 ἐκκλησίας,
2407 2497 2760 2576 μετονομά-

264 2618 456 2668 σασα
475 2603 504 2641 ⁸
523 2601 725 2668 αὐτὸν
760 2602 1094 2682 Κυριακόν.
1124 2602 1164 2682 ἡ
1205 2605 1279 2668 δὲ
1317 2605 1749 2683 τρισμακαρία
1766 2607 2191 2668 παιδευθεῖσα
2217 2605 2334 2682 τὴν
2357 2603 2426 2668 ἐν
2455 2609 2547 2688 τῷ
2570 2604 2756 2688 νόμῳ

261 2714 388 2777 τοῦ
421 2710 595 2777 Θεοῦ
624 2710 915 2789 δύναμιν,
956 2714 1076 2789 τῆς
1109 2730 1182 2776 τε
1221 2711 1375 2790 νέας
1400 2715 1719 2793 <διδαχῆς
1741 2712 1828 2782 ⁹>
1851 2712 1933 2776 τὰ
1976 2711 2370 2790 διατάγματα
2412 2713 2755 2791 μαθοῦσα,

150 2821 229 2871 2⁰
266 2821 633 2900 μεμνημένη
678 2822 751 2883 δὲ
779 2822 882 2883 καὶ
909 2822 1045 2883 τῶν
1071 2823 1440 2899 προφητῶν
1466 2821 1586 2898 τὰς
1614 2821 1852 2900 φωνὰς
1895 2822 1998 2885 καὶ
2024 2820 2234 2884 πάντα
2262 2821 2342 2883 τὰ
2385 2819 2494 2884 ὑπ’
2537 2820 2760 2886 αὐτῶν

266 2927 595 3007 εἰρημένα,
647 2926 737 2991 ἔτι
762 2927 814 2966 ¹⁰
852 2927 1270 3005 <προσέθετο
1294 2928 1408 2997 ¹¹>
1453 2928 1849 3007 ἀναζητῆσαι
1891 2930 1995 2992 καὶ
2035 2931 2196 3006 τοὺς
2223 2929 2294 2992 ἐν
2335 2933 2430 3011 τῷ
2482 2933 2756 3011 σταυρῷ

263 3035 775 3114 προσπαγέντας
798 3034 850 3074 ¹⁸
889 3035 1095 3113 ἥλους
1122 3034 1245 3113 οῦς
1285 3033 1425 3099 01¹⁸
1450 3035 1818 3114 παράνομοι
1848 3034 2147 3100 Ἰουδαῖοι
2177 3037 2631 3115 προσήλωσαν
2659 3041 2754 3120 τῷ

263 3142 549 3225 Χριστῷ.

1071 3322 1079 3327 -
1117 3288 1450 3369 Εῦρεσις
1490 3294 1642 3355 τῶν
1684 3291 1913 3368 ἥλων.

134 3476 214 3527 25
350 3456 687 3539 Δευτέρας
715 3458 790 3519 δὲ
816 3455 1276 3534 ἀναζητήσεως
1300 3456 1678 3534 γενομένης,
1707 3455 1838 3534 ἔφη
1867 3453 1909 3532 ἡ
1940 3454 2218 3532 μακαρία
2258 3454 2428 3533 πρὸς
2471 3454 2590 3519 τὸν
2634 3453 2766 3518 ἐπί-

259 3579 534 3628 σκοπον
560 3562 877 3642 Κυριακὸν
901 3562 1021 3627 τόν
1046 3581 1210 3626 ποτε
1236 3561 1487 3627 Ἰούδαν
1505 3583 1519 3595 ·
1549 3563 1590 3640 ἡ
1621 3565 1735 3641 μὲν
1766 3565 1885 3626 τοῦ
1913 3561 2114 3626 ξύλου
2147 3564 2267 3625 τοῦ
2313 3562 2610 3640 σταυροῦ
2638 3563 2761 3626 τοῦ

254 3671 556 3751 Χριστοῦ
587 3672 677 3749 εἰς
707 3671 816 3749 ἐμὲ
843 3670 1143 3752 ἐπιθυμία
1167 3669 1482 3749 γεναμὲνη
1512 3670 1955 3749 πεπλήρωται,
1988 3671 2026 3748 ἡ
2074 3673 2147 3733 δὲ
2189 3670 2335 3747 περὶ
2363 3671 2524 3747 τοὺς
2554 3669 2624 3734 ἐν
2666 3675 2761 3753 τῷ

257 3784 546 3862 σταυρῷ
575 3778 1079 3858 προσπαγέντας
1107 3778 1310 3856 ήλους
1332 3778 1600 3853 ἔγκειται
1630 3777 1800 3857 λύπη
1854 3783 1927 3858 τῇ
1978 3782 2154 3860 ψυχῇ
2201 3796 2348 3855 μου,
2393 3775 2578 3854 ὅπως
2607 3780 2767 3855 πλη-

252 3887 465 3971 ρώσῃ
517 3907 645 3966 μου
691 3887 916 3965 κύριος
956 3888 1075 3964 τὴν
1116 3887 1451 3963 ἐπιθυμίαν
1491 3888 1593 3950 καὶ
1631 3878 1996 3969 φανερώση
2049 3905 2155 3964 μοι
2200 3884 2471 3962 αύτούς·
2505 3884 2606 3949 διὸ
2638 3884 2764 3949 οὐκ

118 4017 204 4071 30
246 3996 585 4075 ἠρεμήσω
630 3994 846 4074 μέχρις
887 3993 970 4060 ἀν
1010 4014 1118 4072 μοι
1158 3996 1470 4076 πληρωθῇ
1513 3996 1614 4058 καὶ
1645 3991 1812 4070 αῦτη
1844 3994 1883 4071 ή
1917 3993 2216 4071 ἐπιθυμία
2244 3992 2347 4055 καὶ
2398 3992 2761 4075 φανερώσῃ

241 4124 374 4186 μοι
405 4102 684 4180 αὐτούς·
735 4104 837 4167 διὸ
885 4104 1243 4181 παρακαλῶ
1291 4101 1610 4186 πρόσθες
1643 4101 1746 4165 καὶ
1794 4101 1940 4180 περὶ
1991 4101 2232 4164 τούτου
2287 4102 2591 4178 δεηθῆναι
2637 4101 2761 4162 τοῦ

238 4213 522 4291 κυρίου.
552 4210 592 4273 ὁ
623 4214 696 4274 δὲ
717 4209 912 4287 ὅσιος
932 4210 1295 4286 ἐπίσκοπος
1315 4208 1634 4286 Κυριακὸς
1661 4207 2196 4287 παραγενάμενος
2227 4207 2318 4284 εἰς
2344 4207 2462 4270 τὸν
2493 4206 2760 4284 κρανίου

235 4321 480 4387 τόπον
506 4318 638 4398 ἅμα
662 4319 957 4382 πλείοσιν
977 4316 1290 4396 ἀδελφοῖς
1314 4319 1456 4394 τοῖς
1478 4316 1568 4394 εἰς
1587 4316 1709 4380 τὸν
1743 4315 1972 4393 κύριον
1995 4315 2181 4393 ἡμῶν
2207 4314 2461 4392 Ἰησοῦν
2484 4313 2763 4391 Χριστὸν

230 4426 708 4496 πιστεύσασιν
738 4426 844 4488 διὰ
874 4430 993 4504 τῆς
1016 4427 1311 4502 σταυροῦ
1344 4424 1762 4503 ἀνευρέσεως
1785 4425 1887 4487 καὶ
1918 4427 2034 4502 τῆς
2063 4425 2184 4487 τοῦ
2216 4424 2451 4500 νεκροῦ
2482 4419 2764 4484 ἀναστά-

101 4557 187 4610 31⁵
232 4554 476 4612 σεως,
507 4532 844 4609 ἀνατείνας
872 4533 1034 4608 τοὺς
1061 4531 1457 4610 ὀφθαλμοὺς
1486 4529 1692 4594 αὑτοῦ
1717 4529 1812 4607 εἰς
1833 4529 1949 4593 τὸν
1973 4528 2263 4608 οὐρανὸν
2285 4528 2523 4604 καὶτὰς
2545 4529 2766 4605 χεῖρας

314 4704 347 4739 ²
379 4697 1366 4767 οταυρωμένονα-’παραδώσω
1392 4713 1439 4751 c.
1467 4696 1582 4737 -⁸
1606 4696 1831 4764 ἀρνήσῃ
1855 4697 1960 4749 τὸν
1995 4695 2183 4762 εύτρῶ
2209 4696 2385 4760 μέσον
2412 4694 2592 4761 (εἰσ)
2614 4710 2661 4748 c.
2695 4722 2765 4732 —

219 4792 254 4829 ⁴
284 4784 786 4855 ἢδρύσασαα-
820 4779 1289 4852 ‘nomime—⁸
1322 4780 1383 4834 ἐν
1420 4780 1929 4850 αύτήαςίονεαυι
1962 4778 2190 4844 ἐναύτῇ
2229 4783 2299 4843 τῇ
2325 4776 2762 4846 ἐκκλησίακίΔ,

220 4878 356 4932 σαι
386 4868 455 4923 ἐν
480 4863 1250 4931 αύτῷ.-ῗφροθρονο.-
1276 4862 1930 4930 ’μετόνομάσασαα-
1966 4861 2486 4915 ’add.eoeA.—¹⁰
2508 4862 2764 4915 ἔτεα.-

225 4949 725 5011 υααάαᾼ-
758 4944 1649 5014 ι’τιρὸςπιτγέινιίιςιι.--ι’ίιιι.
