3487 5450
706 561 849 634 338
1074 641 1079 645 ,
1713 578 1805 629 LA
1855 561 2170 629 Laesum:

794 770 1300 850 Heurewment,
1343 770 1397 833 le
1424 768 1638 832 cahier
1679 769 1757 833 de
1801 766 2402 853 trente-dmpayes
2431 788 2545 853 que
2565 766 2794 832 Solle'er
2814 770 2990 831 avait
3019 775 3191 831 entre

707 872 792 935 les
817 872 1042 952 mains,
1074 874 1260 933 ariste
1290 889 1520 934 encore.
1572 866 1756 933 Nous
1797 868 1853 931 le
1891 886 2260 931 conservom
2300 869 2527 951 parmi
2554 867 2641 930 les
2671 870 2939 951 pape'ers
2967 867 3046 931 de
3075 888 3190 930 nos

702 948 1027 1054 prdde'cess
1031 994 1099 1029 eu
1151 976 1272 1048 et
1301 989 1387 1031 un
1415 989 1676 1033 examen
1704 967 1937 1051 rapide
1957 987 2016 1030 m
2023 968 2084 1031 'a
2110 966 2240 1050 fait
2267 967 2405 1031 coir
2427 968 2581 1051 qu'il
2602 987 2677 1031 ne
2697 969 2892 1031 serait
2908 988 3036 1051 pas
3056 976 3191 1032 tout

711 1070 965 1151 afaet'
945 1078 1101 1132 emate
1096 1071 1161 1131 le
1185 1068 1247 1131 d’
1251 1091 1326 1131 en
1345 1067 1485 1132 dire
1506 1068 1791 1153 quelques
1811 1075 1995 1131 mota.

796 1168 901 1232 En
923 1190 1050 1231 som
1065 1191 1173 1246 ι,ιιε
1206 1189 1362 1232 nous
1392 1188 1587 1231 avons
1609 1169 1692 1231 ici
1731 1168 1798 1231 la
1821 1169 1993 1251 copie
2011 1166 2075 1231 d’
2081 1186 2203 1230 une
2231 1167 2403 1252 copie
2424 1165 2500 1229 de
2527 1168 2716 1250 copie.
2747 1166 2820 1231 0²
2822 1175 2911 1230 est
2930 1166 2998 1231 la
3021 1170 3193 1252 copie

709 1268 1014 1351 officielle,
1036 1268 1085 1348 fa
1094 1273 1195 1331 ute
1236 1274 1291 1331 et
1318 1270 1523 1352 siqne'e
1564 1288 1637 1330 en
1685 1268 1852 1331 1652
1874 1273 2026 1349 (par
2054 1266 2110 1329 le
2155 1267 2402 1329 notaire
2445 1265 2715 1330 Marcus
2751 1264 3090 1330 Petronius
3115 1267 3193 1331 de

708 1368 910 1431 Santo
952 1368 1359 1450 Μιιιιιῐίαηο),
1388 1367 1449 1430 d*
1454 1388 1576 1430 une
1607 1387 1776 1450 copta
1804 1366 2106 1448 officielle,
2128 1364 2296 1447 faite
2336 1373 2390 1429 et
2417 1367 2626 1449 siqne‘e
2653 1386 2726 1428 en
2751 1367 2917 1431 1590
2959 1367 3111 1450 (par
3139 1367 3193 1431 le

710 1469 958 1530 notae're
1005 1467 1229 1530 Petrus
1282 1468 1602 1531 Antonius
1649 1465 2041 1545 Catalonus),
2089 1464 2276 1528 d’une
2326 1467 2497 1547 copie
2567 1464 2870 1546 officielle,
2921 1464 3082 1546 faite
3139 1472 3196 1528 et

709 1567 918 1650 siqne'e
939 1588 1011 1630 en
1044 1568 1201 1629 1583
1223 1568 1375 1649 (par
1396 1567 1449 1629 le
1479 1568 1722 1629 notaire
1750 1563 2016 1628 Ioannes
2047 1563 2269 1628 Mar-ia
2295 1562 2714 1648 Iacobonius),
2737 1563 2891 1628 d'un
2913 1564 3195 1649 oriqinal

711 1665 863 1728 dont
886 1687 964 1729 on
990 1687 1148 1730 nous
1176 1666 1380 1729 donne
1401 1666 1467 1729 la
1501 1664 1881 1748 description
1904 1686 1975 1727 en
2002 1685 2097 1728 ces
2119 1671 2341 1728 termes
2360 1665 2453 1746 (1)
2480 1684 2504 1725 .·

796 1764 891 1829 Ex
915 1765 1204 1847 quodam
1233 1765 1396 1829 libro
1438 1766 1506 1829 in
1530 1770 1766 1848 quarto
1810 1764 1961 1829 folio
1997 1763 2267 1853 redacto
2307 1763 2756 1844 manuscripto
2797 1763 3069 1846 antiquo
3113 1762 3199 1828 de

713 1865 870 1942 vita,
896 1865 1210 1946 dignitate
1242 1868 1307 1928 et
1351 1865 1699 1930 sanctitate
1746 1864 2095 1929 beatorum
2126 1867 2501 1928 sanctorum
2535 1862 2891 1937 Anastasii,
2924 1862 3202 1942 Proculi,

593 1963 600 1970 '
714 1962 1042 2029 Valentini
1066 1969 1130 2027 et
1157 1963 1353 2028 Cirilli
1383 1968 1449 2029 et
1479 1963 1755 2029 aliorum
1799 1966 2178 2029 sanctorum
2205 1962 2695 2046 episcoporum,
2724 1966 3091 2044 martyrum
3136 1966 3205 2027 et

714 2062 1160 2127 confessorum
1206 2063 1500 2129 eiusdem
1545 2062 1926 2146 praedictae
1972 2062 2252 2128 civitatis
2296 2061 2772 2147 [Interamnae]
2815 2062 3204 2145 respective,

715 2162 1130 2245 infrascripta
1198 2164 1419 2228 omnia
1476 2163 1993 2241 demonstrante,
2063 2163 2311 2252 dictum
2382 2165 2684 2227 sanctum
2751 2161 3205 2239 Anastasium,

715 2266 910 2345 prout
956 2267 1184 2327 sancta
1236 2267 1451 2328 mater
1480 2262 1801 2329 catholica
1852 2261 2125 2328 ecclesia
2166 2281 2445 2327 romana
2494 2261 2722 2339 tenuit,
2771 2260 2971 2336 fuisse
3010 2261 3206 2326 huius

716 2361 1132 2426 Interamnae
1162 2363 1439 2427 civitatis
1483 2366 1787 2435 sanctum
1837 2363 2216 2446 episcopum
2258 2366 2322 2427 et
2352 2359 2811 2437 consessorem,
2853 2359 3206 2443 ipsumque
3264 2392 3271 2397 ·

720 2462 803 2526 de
834 2461 1266 2527 illustrissima
1298 2467 1363 2527 et
1391 2462 1963 2545 praestantissima
1995 2466 2061 2526 et
2089 2460 2534 2526 vetustissima
2555 2460 2640 2525 de
2682 2459 2927 2525 familia
2956 2464 3023 2524 et
3049 2478 3210 2543 pro·

723 2561 909 2643 genie
933 2562 1168 2625 domus
1200 2562 1281 2626 de
1313 2561 1612 2627 Castellis
1641 2561 1835 2626 huius
1882 2561 2179 2626 eiusdem
2218 2560 2497 2626 civitatis
2546 2559 2963 2625 Interamnae
3004 2559 3209 2625 fuisse

725 2663 789 2725 et
821 2680 964 2725 esse
985 2663 1301 2743 scriptum
1332 2661 1568 2740 inveni,
1594 2664 1902 2727 accurate
1922 2660 2068 2744 legi,
2097 2660 2185 2725 ad
2213 2664 2604 2744 perpetuam
2624 2660 2720 2724 rei
2739 2651 3208 2725 memoriam..

721 2779 804 2824 ex
832 2759 1005 2823 dicto
1030 2759 1323 2841 originali
1350 2759 1516 2825 libro
1546 2763 1811 2824 vetusto
1864 2758 2207 2842 diligenter
2235 2758 2322 2823 ad
2370 2757 2648 2823 verbum
2696 2757 2971 2840 copiavi,
2997 2757 3212 2822 fideli-

721 2862 952 2942 terque
978 2863 1042 2922 et
1072 2859 1457 2942 exemplavi,
1500 2858 1591 2923 nil
1621 2858 1945 2923 'addendo
1981 2858 2087 2923 vel
2114 2857 2467 2932 minuendo
2492 2856 2670 2939 quod
2696 2876 2966 2921 sensum
2995 2861 3212 2922 mutet

719 2960 825 3025 vel
853 2962 1058 3025 variet
1096 2961 1511 3038 intellectum,
1554 2960 1679 3025 nisi
1703 2960 1916 3025 solum
1948 2963 2015 3026 et
2044 2960 2393 3025 dumtaxat
2413 2958 2634 3042 aliqua
2655 2958 2860 3023 verba
2886 2958 3212 3022 vetustis-

721 3060 890 3124 sima
942 3061 1028 3125 ob
1088 3065 1485 3126 vetustatem
1545 3059 1917 3143 inlegibilia,
1945 3079 2022 3126 ac
2075 3059 2297 3125 omnia
2347 3058 2476 3123 alia
2519 3057 2853 3141 loquentia
2887 3057 2972 3122 de
3005 3076 3215 3141 prae-

722 3158 911 3224 dictis
934 3159 1075 3223 aliis
1100 3160 1341 3224 sanctis
1370 3159 1667 3238 Proculo,
1711 3158 2079 3238 ValentinO,
2102 3157 2319 3225 Cirillo
2349 3163 2414 3223 et
2444 3158 2527 3223 de
2560 3157 2704 3223 aliis
2745 3157 2990 3223 sanctis
3016 3157 3215 3222 omit-

724 3257 942 3335 tendo,
980 3259 1095 3322 sed
1148 3258 1360 3323 solum
1387 3258 1542 3324 dicti
1581 3258 1793 3324 saneti
1843 3258 2179 3345 Anastasii
2226 3257 2616 3323 memoriam
2668 3258 2736 3321 in
2786 3255 3052 3339 speciali
3100 3255 3216 3322 illa

621 3382 625 3387 ·
724 3355 1032 3422 facientia
1061 3358 1272 3423 iacere
1295 3358 1531 3442 reperii
1561 3362 1629 3423 et
1660 3358 1879 3423 inveni
1907 3357 2295 3440 descripta...
2362 3364 2365 3368 ’

819 3460 873 3520 Α
906 3458 1067 3520 liree
1052 3480 1145 3520 ves
1174 3459 1392 3541 liques,
1421 3479 1502 3521 on
1535 3479 1588 3521 cr
1593 3458 1802 3522 viruit
1817 3478 1939 3542 que
1967 3457 2034 3522 la
2066 3456 2313 3543 ldqende
2338 3455 2491 3521 dont
2512 3456 2561 3520 il
2588 3476 2620 3520 s
2622 3457 2776 3541 'qqit
2794 3462 2883 3520 est
2910 3477 2999 3519 un
3021 3455 3219 3520 docu-

726 3567 890 3624 ment
940 3558 1081 3622 υέιι
1054 3557 1277 3649 rrcble,
1326 3557 1390 3621 d’
1394 3579 1516 3621 une
1556 3557 1748 3622 haute
1799 3559 2132 3642 antiquite.
2169 3556 2345 3623 Mais
2393 3557 2479 3621 les
2532 3564 2692 3620 mois
2746 3555 3217 3634 vetustissima,

705 3661 809 3725 -ob
834 3662 1238 3724 vetustatem
1268 3656 1616 3740 inlegibilia
1636 3663 1780 3721 sont
1799 3657 1875 3721 de
1896 3657 1966 3721 la
1977 3677 2145 3741 pure
2165 3655 2542 3742 rhetorque,
2572 3675 2806 3720 commo
2834 3676 2914 3719 on
2942 3655 3000 3719 le
3019 3657 3147 3719 voit
3172 3658 3215 3718 ὰ

724 3758 1113 3824 l’e've'dence
1074 3783 1113 3837 f
1116 3778 1197 3819 αν
1218 3757 1283 3820 la
1312 3759 1472 3822 suite
1498 3756 1575 3821 de
1617 3756 1683 3820 la
1704 3758 1895 3840 piece.
1942 3755 2245 3842 Quelques
2267 3756 2464 3840 liynes
2481 3756 2638 3840 plus
2666 3755 2816 3835 loin,
2846 3775 2922 3818 en
2950 3754 3110 3837 (ᾔει,
3134 3775 3217 3819 on

723 3859 1038 3924 transcre't
1069 3857 1153 3920 les
1179 3858 1515 3939 premieres
1547 3857 1765 3941 liques,
1788 3856 1864 3920 de
1885 3877 1950 3920 ce
1982 3857 2174 3921 “tres
2194 3856 2417 3920 ancien
2441 3906 2472 3940 ,‚
2500 3854 2779 3939 oriyinal
2805 3877 2827 3917 .·

816 3957 1110 4037 Quorum
1153 3956 1467 4035 omnium,
1512 3956 1878 4039 incipiendo
1923 3976 1964 4020 a
2011 3954 2348 4039 principie,
2390 3954 2690 4020 videlicet
2733 3954 3027 4020 eiusdem
3068 3954 3222 4020 libri

644 4049 652 4057 ’
728 4058 990 4142 primae
1034 4057 1314 4139 paginae
1358 4056 1522 4121 facie
1562 4075 1775 4140 usque
1810 4057 1888 4121 in
1913 4055 2149 4136 finem,
2177 4055 2470 4138 legendO,
2499 4054 2589 4119 nil
2630 4053 2992 4119 omittendo
3038 4054 3222 4138 quod

728 4176 1000 4223 sensum
1024 4159 1238 4220 mutet
1264 4156 1367 4221 vel
1395 4155 1604 4220 variet
1633 4154 2059 4232 intellectum,
2090 4155 2210 4220 sed
2236 4159 2433 4238 prout
2462 4154 2635 4219 dicto
2664 4174 2784 4219 suo
2826 4153 2895 4218 in
2922 4153 3223 4237 originali

729 4257 919 4333 iacet,
947 4275 1227 4339 quon-um
1250 4255 1546 4321 omnium
1574 4260 1763 4321 tenor
1788 4254 1938 4321 talis
1968 4258 2107 4320 est:

821 4363 845 4391 ⁶
904 4355 1188 4421 Sedente
1219 4354 1405 4421 Sixto
1435 4360 1672 4439 quarto
1694 4353 2004 4438 pontifice
2030 4356 2324 4421 maximo
2351 4352 3005 4432 MCCCCLXXHIL,
3035 4372 3228 4418 reve-

740 4506 768 4534 „
827 4455 1068 4522 rendus
1090 4459 1282 4538 pater
1300 4455 1617 4520 Dominus
1644 4454 1880 4520 Petrus
1902 4455 2227 4522 Antonius
2248 4454 2508 4521 Nardus
2532 4452 3042 4519 Interamnensis
3063 4452 3227 4518 divi-
3267 4460 3279 4468 ‘

801 4621 876 4689 (1)
916 4621 1067 4677 Nous
1091 4622 1485 4689 reproduisons
1507 4625 1857 4677 exactement
1877 4622 1934 4676 la
1955 4622 2114 4691 copie
2135 4623 2205 4676 de
2235 4623 2375 4687 1652,
2398 4619 2529 4675 saur
2543 4624 2579 4674 a
2602 4620 2854 4698 corriget,
2877 4636 2949 4674 en
2972 4620 3228 4675 domant

737 4705 813 4759 du
835 4710 980 4759 reste
1005 4722 1072 4759 en
1100 4711 1230 4759 note
1253 4705 1308 4759 la
1328 4705 1488 4772 leqon
1505 4705 1583 4760 du
1604 4704 1921 4770 manuscrit,
1944 4705 2026 4760 les
2048 4706 2229 4760 fantes
2251 4721 2353 4774 par
2374 4709 2496 4773 trop
2519 4703 2770 4758 otiantes.
2801 4703 2907 4757 Les
2942 4708 3127 4758 autre·
3150 4720 3227 4758 ne

736 4792 864 4843 sont
886 4789 1284 4842 certainement
1306 4804 1403 4857 pm
1428 4793 1609 4842 tontes
1634 4788 1966 4856 imputables
1982 4805 2054 4843 au
2073 4789 2297 4857 copiste,
2316 4787 2454 4842 mais
2473 4786 2833 4856 proviennent
2854 4786 3228 4852 visiblement,

739 4888 810 4926 en
833 4871 1025 4940 partie,
1050 4871 1101 4924 d
1105 4887 1179 4924 un
1205 4871 1437 4966 original
1464 4871 1576 4925 mal
1599 4870 1802 4939 redige.
1819 4871 2106 4940 Quelques
2120 4888 2378 4941 passages
2403 4871 2565 4936 enfin,
2591 4870 2986 4925 certainement
3008 4870 3229 4936 alteris,

739 4954 997 5009 resistent
1016 4957 1048 5007 a
1076 4959 1199 5008 tout
1221 4954 1364 5009 essai
1385 4955 1455 5009 de
1478 4954 1805 5009 correction.
