3487 5450
1259 579 1611 633 sternunt
1662 582 1728 635 v,
2587 565 2728 639 143

246 773 552 855 gramina
591 772 1010 838 humentibus
1038 772 1244 856 pratis
1274 772 1654 838 summatim
1694 773 2025 856 pascendo
2068 773 2467 857 decerperet,
2512 774 2728 841 feram

244 876 437 938 ratus
480 892 624 937 esse
672 872 1077 963 indomitam,
1134 872 1345 938 iaculo
1402 862 1779 956 ignoranter
1828 872 2059 937 occidit
2083 874 2121 936 ¹.
2188 873 2394 938 Cum²
2454 876 2727 958 propius

243 972 608 1038 accedens⁸
636 972 799 1037 collo
841 972 1016 1036 ferae
1055 972 1395 1037 morientis
1426 972 1647 1037 nolam
1677 971 2009 1054 alligatam
2051 972 2320 1050 videret,
2348 973 2470 1038 viri
2512 976 2727 1040 sancti

242 1092 513 1138 cervam
583 1072 779 1137 fuisse
849 1091 1266 1154 cognoscens,
1339 1073 1542 1137 nimia
1610 1072 2031 1154 paenitudine
2086 1072 2442 1154 perculsus»,
2513 1075 2728 1156 gratia

182 1185 213 1234 s
244 1172 519 1256 petendi
546 1172 806 1237 veniam
842 1171 1090 1236 sancti⁴
1123 1170 1348 1236 famuli
1374 1170 1495 1235 Dei
1537 1172 1980 1254 praesentiam
2023 1172 2236 1250 adiit⁵,
2265 1172 2486 1255 ibique
2514 1174 2725 1256 patris

242 1271 565 1355 pedibus⁸
599 1271 903 1355 profusus
937 1270 1286 1336 lacrimans
1330 1273 1396 1336 et
1425 1270 1451 1309 '¹
1492 1270 1921 1354 ingemiscens
1973 1271 2105 1335 ait:
2157 1269 2373 1352 Pater,
2399 1273 2470 1335 in
2510 1271 2725 1337 Deum

242 1372 410 1435 caeli
429 1378 482 1435 et
505 1372 571 1434 in
593 1377 650 1434 te
661 1371 927 1455 peccari,
956 1370 1201 1434 animal
1223 1372 1561 1435 innocuum
1584 1377 1730 1434 tuae
1758 1371 2041 1433 servituti
2068 1370 2292 1435 diviua
2312 1371 2725 1455 providentia

241 1470 555 1535 directum
585 1472 821 1534 inscius
852 1470 1068 1535 occidi.
1091 1469 1361 1555 Indulqe
1380 1469 1537 1533 mihi
1559 1470 1607 1550 ⁸,
1627 1476 1820 1554 pater
1846 1470 2191 1550 vanissime,
2211 1470 2403 1534 huius
2430 1473 2657 1535 crImin
2669 1473 2727 1537 is

243 1577 498 1635 reatum
540 1570 811 1655 indtclgte,
850 1570 1118 1654 peccavi.
1163 1566 1519 1653 Mee'psum'
1553 1570 1731 1633 ,enim
1786 1576 1841 1632 et
1883 1570 2072 1633 totitas
2115 1572 2507 1654 posteritatis
2549 1591 2726 1636 meae

160 1689 213 1739 ιο
245 1672 690 1735 successionem
714 1676 859 1733 tuae
876 1669 1113 1733 dicioni
1134 1689 1210 1733 ac
1230 1670 1477 1734 servitio
1501 1669 1950 1753 perpetualiter
1970 1668 2209 1732 destino
2224 1670 2293 1752 ¹⁰,
2316 1690 2507 1755 ayros
2526 1674 2719 1734 etiam

247 1776 304 1834 et
346 1776 661 1851 armenta,
704 1768 1050 1855 quaemihi
1069 1769 1266 1852 plura
1293 1775 1649 1852 supersunt,
1677 1770 1807 1832 tuis
1834 1775 1888 1831 et
1934 1768 2222 1850 fratrum
2273 1768 2488 1833 usibus
2512 1790 2719 1855 quan-

248 1871 483 1933 tumvis
527 1868 729 1932 hilari
773 1875 971 1932 mente
998 1889 1076 1932 ac
1116 1867 1333 1932 devota
1375 1866 1698 1933 contribuo
1718 1869 1790 1932 ¹¹.
1819 1867 2060 1933 Videns
2104 1869 2297 1951 igitur
2337 1869 2439 1933 vir
2480 1869 2726 1935 beatis-

247 1972 475 2048 simus,
503 1970 606 2034 cui
633 1968 855 2034 omnia
882 1973 1112 2051 optata
1148 1972 1616 2047 successerant,
1646 1966 2047 2032 Mochulleus
2091 1968 2373 2033 hominis
2400 1970 2725 2051 potentis·

248 2069 399 2135 simi
451 2068 888 2134 humilitatem
936 2072 1001 2132 et
1051 2068 1245 2133 corde
1295 2068 1573 2132 contrito
1627 2067 1890 2131 veniam
1946 2068 2207 2149 petisse,
2264 2087 2456 2149 agros
2512 2068 2721 2135 cellae

162 2186 215 2232 ιο
247 2169 493 2258 ricinos
536 2171 602 2233 et
629 2171 931 2232 armenta
960 2157 1227 2250 aliquot,
1256 2186 1390 2232 non
1417 2168 1484 2231 in
1512 2166 2025 2231 satisfactionem
2068 2166 2185 2230 sed
2229 2167 2519 2232 caritatis
2546 2169 2724 2233 indi-

248 2269 425 2333 cium
450 2267 538 2333 ad
565 2267 1055 2350 peregrinorum
1092 2271 1586 2349 ceterorumque
1629 2264 1868 2330 Christi
1899 2284 2265 2348 pauperum
2294 2285 2715 2333 communem

246 2365 616 2443 utilitatem,
659 2368 996 2447 gratanter
1037 2363 1321 2445 suscepit
1339 2363 1407 2426 ¹².
1436 2362 1686 2441 Quibus
1729 2363 2041 2427 armentis
2071 2362 2276 2427 mirae
2314 2362 2719 2429 fortitudinis

249 2468 479 2530 tam-us
522 2464 790 2547 quidam
817 2463 1170 2528 indomitus
1210 2466 1536 2546 praeerat,
1578 2461 1801 2544 eisque
1829 2481 1871 2526 a
1913 2462 2133 2525 furum
2168 2465 2368 2545 atque
2411 2463 2719 2546 luporum

248 2564 613 2629 incursibus
631 2564 683 2602 ¹³
716 2562 1109 2629 omnimodis
1126 2563 1177 2600 ¹⁴
1203 2561 1523 2644 praebere
1552 2560 2002 2627 defensionem
2020 2563 2070 2600 ¹⁵
2101 2561 2375 2626 solebat.
2406 2562 2531 2640 Qui
2573 2567 2725 2628 tau-

158 2680 212 2736 8⁰
245 2684 360 2730 rus
407 2683 558 2730 cum
607 2664 815 2728 sancti
863 2662 981 2727 viri
1009 2660 1311 2727 habitum
1363 2660 1748 2743 vultumque
1773 2660 1825 2698 ¹⁶
1860 2659 2147 2735 vidisset,
2193 2660 2494 2744 deposita
2541 2662 2721 2728 omni

251 2765 587 2830 ferocitate
616 2762 705 2828 ad
733 2782 884 2828 enm
905 2781 1286 2846 properam,
1315 2761 1448 2826 iam
1471 2760 1850 2836 tractabiliS,
1874 2760 2008 2824 iam
2029 2759 2204 2825 mitis
2234 2763 2301 2825 et
2329 2761 2633 2827 amabilis
2650 2763 2721 2841 ¹⁷,

247 2864 522 2929 verbere
551 2862 801 2929 caudae
841 2881 919 2927 ac
953 2862 1153 2926 totius
1182 2860 1472 2943 corporis
1517 2859 1807 2942 gestibus
1855 2859 2092 2923 miram
2112 2860 2161 2898 ¹⁸
2203 2879 2279 2924 ac
2324 2860 2722 2926 ineffabilem

248 2964 486 3029 mentis
540 2962 859 3028 laetitiam
921 2960 1223 3025 ostendit.
1269 2959 1439 3038 Quid
1481 2978 1603 3042 per
1660 2957 1914 3041 singula
1935 2960 1966 3022 ἓ
2012 2962 2239 3023 taurus
2282 2959 2478 3037 idem,
2522 2980 2723 3043 quem

250 3063 382 3128 iam
431 3061 823 3128 truculentia
864 3063 929 3126 et
984 3061 1412 3143 protervitate
1463 3058 1664 3123 etiam
1709 3057 1985 3122 fortibus
2015 3057 2525 3123 ‚formidolosum
2577 3079 2723 3125 esse

159 3176 217 3227 β
247 3162 548 3239 diximus,
579 3161 889 3227 derelicta
916 3163 1363 3225 armentorum
1384 3159 1715 3236 societate,
1747 3161 2089 3239 tamquam
2113 3157 2403 3240 agnellus
2434 3160 2722 3223 matrem

251 3258 354 3324 vel
380 3259 649 3325 catellus
676 3258 1066 3324 nutritorem
1094 3256 1212 3322 Dei
1241 3257 1576 3322 hominem
1602 3256 1689 3321 ad
1738 3255 1971 3322 cellam
2000 3261 2227 3321 contra
2264 3276 2488 3322 rerum
2528 3261 2723 3323 natu-

251 3378 396 3424 ram
435 3364 698 3424 secutus
744 3361 862 3434 est,
926 3357 991 3422 in
1055 3361 1444 3440 tantumque
1488 3356 1733 3421 ibidem
1798 3355 2360 3420 mansuetissimus
2403 3356 2719 3423 domesti-

251 3476 494 3541 cusque
508 3457 736 3532 factuS,
754 3457 928 3540 quod
951 3457 1033 3522 de
1046 3458 1289 3521 exteris
1312 3456 1472 3521 villis
1493 3475 1696 3522 onera
1717 3455 1893 3520 solus
1915 3455 2055 3520 sine
2077 3455 2345 3521 ductore
2366 3458 2634 3539 praevio
2650 3460 2725 3538 ¹⁹,

253 3557 391 3621 sine
443 3556 834 3640 agitatore²3⁰
873 3555 1021 3633 ullu,
1063 3557 1149 3621 ad
1201 3575 1360 3621 usus
1412 3560 1478 3620 et
1531 3555 1848 3619 utilitates
1897 3554 2161 3619 claustri
2213 3574 2330 3620 ceu
2384 3557 2720 3622 rationalis

165 3671 219 3720 ιο
254 3661 551 3722 creatura
578 3657 817 3722 afferre
847 3655 1120 3720 solebat.

340 3763 408 3822 8.
465 3757 723 3821 Interea
771 3755 931 3819 dum
979 3755 1123 3830 ista,
1169 3773 1348 3836 quae·
1382 3753 1514 3818 iam
1566 3752 2063 3829 declaravimus
2128 3753 2443 3819 miracula
2485 3758 2552 3819 et
2593 3755 2726 3820 alia

255 3854 458 3937 plura,
480 3875 653 3940 quae
680 3854 1046 3936 compendii
1075 3872 1301 3918 amore
1342 3851 1696 3928 omisimuS.
1726 3852 2031 3934 precibus
2052 3872 2130 3917 ac
2175 3853 2423 3919 meritis
2443 3856 2463 3892 ¹
2495 3853 2724 3919 felicis-

256 3955 402 4020 simi
420 3955 624 4038 patris
653 3953 923 4019 caelitus
949 3952 1216 4028 fiebant,
1239 3952 1508 4035 quidam
1534 3950 1795 4033 regulus
1828 3951 2090 4016 nomine
2121 3951 2567 4031 ForannanuS,
2589 3953 2725 4018 vir²

255 4055 518 4120 immitis
548 4059 614 4120 et
644 4053 1124 4129 immisericorS,
1153 4051 1392 4116 summi
1429 4049 1759 4116 Creatoris
1800 4070 1879 4115 ac
1915 4056 2184 4116 sanctae
2225 4052 2548 4135 religionis
2569 4071 2727 4117 con-

171 4166 226 4216 ss
259 4158 538 4236 temptor
591 4153 1004 4236 praecipuus,
1055 4150 1448 4215 meridianos
1505 4149 1862 4214 Hiberniae
1910 4150 2188 4233 populos
2263 4171 2384 4215 sua
2455 4155 2726 4217 cruenta

262 4254 598 4336 tyrannide
618 4250 1109 4335 pessumdando
1135 4268 1367 4332 regens
1414 4249 1715 4314 surrexit.
1756 4249 1951 4314 Cuius
1989 4251 2249 4332 tyranni
2301 4251 2725 4333 municipium

333 4455 396 4506 7.
419 4484 480 4495 —
503 4454 522 4486 ¹
547 4451 809 4506 occiderit
834 4450 982 4505 AM.
1003 4449 1117 4489 —2
1140 4448 1390 4517 Cumque
1414 4449 1493 4503 M.
1516 4448 1630 4488 -⁸
1651 4448 1699 4502 ei
1722 4448 1923 4502 cedens
1952 4452 2017 4502 Δ.
2040 4476 2108 4487 -
2128 4449 2272 4501 ⁴0m.
2297 4449 2397 4514 A.,·
2416 4448 2539 4503 sciti
2563 4450 2637 4503 H.
2661 4478 2728 4488 —

264 4535 613 4590 ‘abiitM.-
634 4537 659 4569 ⁸
684 4533 853 4603 patris
875 4536 927 4587 Δ
952 4536 1168 4586 iterum.
1207 4559 1274 4570 —
1297 4532 1319 4565 “⁸
1342 4536 1505 4600 atque
1531 4531 1681 4586 AM.
1707 4557 1769 4571 —
1794 4532 1818 4565 ⁸
1840 4531 1914 4584 mi
1936 4530 2160 4584 A.L.-
2182 4531 2207 4565 ⁹
2231 4546 2430 4600 meque
2452 4532 2633 4599 ipsum
2661 4536 2727 4586 Δ.

267 4618 426 4672 H.-
443 4618 486 4654 ¹⁰
506 4617 755 4672 destineo
784 4619 853 4670 A.
870 4647 937 4657 —
962 4616 1008 4649 ¹²
1031 4614 1272 4669 Hilarem
1295 4614 1441 4668 enim
1467 4613 1719 4667 datorem
1740 4612 1913 4680 diligit
1940 4612 2085 4666 Dens
2106 4614 2231 4666 add.
2250 4614 2400 4670 AM.
2422 4641 2491 4651 —
2516 4614 2561 4648 ²²
2581 4629 2728 4668 rece-

262 4701 348 4768 pit
378 4702 523 4756 Anu.
550 4727 611 4741 —-
632 4700 955 4753 ”incursus
980 4704 1050 4750 Δ.
1084 4725 1155 4736 -
1176 4698 1223 4731 ¹⁴
1253 4696 1636 4750 omnimodum
1663 4698 1752 4760 A,·
1787 4694 2167 4749 omnimodam
2210 4694 2274 4748 Μ
2302 4703 2444 4764 pou.
2482 4713 2627 4749 corr.
2663 4723 2729 4736 —

267 4782 319 4818 ²⁸
338 4782 647 4838 defensione
675 4787 740 4837 Δ.
763 4812 831 4823 -
846 4779 896 4816 ¹⁶
914 4780 1049 4835 vult.
1069 4779 1427 4848 habitumque
1449 4778 1601 4833 AM.
1620 4805 1691 4817 —
1715 4777 1763 4813 ¹²
1781 4778 1837 4842 (i.
1864 4793 1937 4831 m.
1962 4782 2019 4831 et
2038 4777 2108 4845 a.)
2130 4795 2234 4831 om.
2263 4778 2342 4832 M.
2363 4809 2431 4819 -
2454 4778 2501 4813 ¹⁸
2522 4777 2726 4832 mirum

271 4868 488 4921 ,ιι-ι’
505 4866 746 4936 praebeo
772 4869 841 4919 Δ.
860 4891 932 4903 -
951 4864 1002 4898 ²⁰
1023 4863 1305 4931 alligatore
1325 4862 1389 4917 L.

339 4948 477 5004 8.-
497 4951 516 4984 ¹
540 4967 643 5005 om.
664 4949 732 5004 L.
751 4947 980 5002 —20m.
1004 4945 1243 5013 EHL,·
1261 4944 1355 4999 vix
1375 4949 1443 4999 A.
