3487 5450
341 1175 559 1230 *amu

701 552 847 627 336
944 572 1525 625 mmoeaarmm
1574 572 2075 625 mansuum
2124 572 2219 625 nx
2266 573 2429 626 con.
2478 573 2835 625 vArtcAno
2886 571 3044 625 38⁴³.

781 771 905 830 37.
946 763 1141 828 Anno
1173 762 1427 827 Domini
1453 761 2117 837 M0.ccc⁰.1.mv0‚
2148 761 2216 826 in
2240 761 2510 827 civitate
2537 761 2959 827 Cathaniensi
3001 781 3174 847 puer

699 862 969 947 quidam
987 861 1251 927 nomine
1269 861 1329 926 Ν
1331 862 1620 928 icholaus
1646 882 1883 945 passus
1903 866 2004 928 est
2025 863 2093 926 in
2114 860 2424 927 testiculis
2445 861 2893 926 infirmitatem
2917 862 3175 927 intesti-

696 982 933 1028 norum
954 961 1146 1026 valde
1168 965 1572 1027 extraneam.
1584 960 1708 1028 Hic
1736 961 2027 1045 quadam
2055 960 2162 1027 die
2189 959 2349 1026 dum
2373 961 2694 1025 memoria
2719 961 2897 1025 beati
2912 958 3170 1026 Alberti

697 1066 1021 1144 ageretur,
1047 1060 1227 1125 venit
1273 1059 1360 1125 ad
1408 1061 1694 1144 priorem
1743 1079 1944 1127 causa
1990 1059 2159 1125 sesti.
2209 1060 2421 1137 Quem
2469 1079 2619 1125 cum
2668 1060 2940 1125 intuitus
2989 1060 3172 1143 prior

697 1161 944 1238 fuisset,
973 1159 1138 1224 dixit
1160 1179 1364 1242 puero
1395 1183 1411 1224 :
1443 1160 1596 1241 Fili,
1638 1161 1797 1246 quid
1832 1157 2124 1243 pateris?
2160 1157 2285 1238 Qui
2310 1159 2716 1241 respondens
2739 1161 2774 1199 '¹‘
2803 1161 2897 1225 ait
2932 1183 2951 1226 ε
2990 1159 3167 1235 Ecce,
3204 1176 3242 1226 5

698 1261 975 1326 ostendes
1017 1258 1335 1341 fratribus
1388 1266 1569 1324 tuam
1606 1261 2080 1342 infirmitatem.
2128 1258 2227 1324 De
2275 1277 2408 1341 qua
2454 1263 2609 1324 sunt
2650 1278 2881 1325 omnes
2932 1259 3172 1326 fratres

698 1357 1024 1434 admirati,
1052 1356 1404 1440 plurimum
1433 1359 1492 1421 ei
1514 1356 2009 1440 compatientes.
2027 1355 2213 1420 Tunc
2236 1355 2416 1438 prior
2442 1360 2712 1439 accepto
2733 1356 2842 1421 illo
2865 1356 3053 1422 duxit
3082 1357 3172 1423 ad

697 1460 1018 1543 capellam
1045 1460 1225 1525 beati
1267 1459 1541 1528 Alberti
1558 1459 1782 1525 dicens
1825 1459 1914 1524 illi
1943 1480 1959 1523 :
1993 1457 2341 1540 Genuflecte
2366 1464 2423 1522 et
2449 1457 2555 1521 dic
2582 1481 2603 1521 :
2634 1462 2665 1491 ⁴⁴
2702 1457 2896 1523 Beate
2921 1460 3174 1525 Alba-te

696 1579 862 1624 sana
891 1580 1005 1637 me,
1048 1567 1104 1623 et
1138 1579 1245 1641 eqo
1274 1566 1576 1643 perpetuo
1611 1558 1726 1622 tibi
1765 1559 2036 1623 serviam
2071 1607 2126 1637 „.
2162 1556 2307 1636 Quo
2344 1560 2448 1622 ter
2475 1556 2668 1635 dicto,
2696 1558 2924 1622 tribuit
2953 1559 3171 1625 eidem

696 1678 941 1743 aquam
967 1658 1254 1742 reliquiis
1282 1658 1620 1723 intinctam
1644 1658 1732 1723 ad
1753 1657 2131 1723 bibendum.
2147 1656 2487 1722 Premissis
2508 1660 2610 1722 ter
2632 1657 2830 1723 Pater
2854 1662 3081 1725 noster
3103 1664 3173 1725 et
3205 1671 3276 1724 ω

696 1760 841 1825 Ave
888 1758 1095 1823 Maria
1133 1777 1285 1823 cum
1311 1758 1607 1823 oratione
1654 1758 1834 1823 beati
1879 1756 2134 1822 Alberti
2172 1756 2568 1839 supradicta,
2596 1776 2820 1822 coram
2859 1759 3172 1825 omnihus

698 1878 898 1942 quam
927 1857 1220 1941 pluribus
1240 1856 1639 1923 secularibus
1660 1858 1751 1923 ibi
1772 1856 2204 1923 existentibus
2222 1875 2388 1939 puer
2408 1856 2747 1921 incolumis
2775 1859 3081 1937 surrexit,
3104 1864 3174 1925 et

698 1958 1076 2024 immediate
1104 1956 1455 2040 solepniter
1493 1957 1763 2023 effectus
1792 1961 1896 2023 est
1929 1956 2133 2022 frater
2169 1955 2362 2021 huius
2400 1955 2646 2020 ordinis
2688 1959 2757 2020 et
2791 1955 2986 2022 valde
3022 1958 3175 2023 reli-

695 2058 914 2139 giosus
940 2075 1149 2139 usque
1178 2056 1266 2121 ad
1295 2060 1577 2121 mortem
1604 2057 1719 2138 (1).

778 2163 895 2223 38.
959 2157 1153 2220 Anno
1208 2155 1442 2221 eodem
1496 2157 1564 2220 in
1617 2159 1797 2221 terra
1846 2154 2336 2221 Colatanixecta
2391 2154 2483 2235 (2)
2541 2154 2871 2237 quaedam
2928 2156 3169 2223 nobilis
3209 2164 3277 2224 cs

692 2256 960 2321 domina
1005 2274 1263 2320 vermes
1312 2255 1560 2338 patitur
1609 2254 1886 2321 fetentes
1940 2254 2131 2337 longo
2187 2258 2484 2337 tempore
2533 2255 2602 2318 in
2657 2254 2967 2319 mamilla.
3018 2255 3172 2322 'Hec

692 2355 966 2421 audiens
993 2355 1262 2421 beatum
1290 2355 1635 2420 Albertum
1655 2354 1980 2438 predicari
2012 2354 2079 2419 in
2113 2353 2218 2419 die
2246 2353 2653 2436 solepnitatis
2682 2355 2999 2420 memorie
3028 2356 3171 2422 eius

688 2456 759 2522 et
783 2458 923 2519 tam
947 2454 1334 2520 excellenter
1354 2453 1626 2530 laudari,
1654 2458 1884 2520 votum
1903 2454 2083 2518 vovit
2112 2452 2248 2518 Deo
2278 2456 2345 2518 et
2387 2453 2583 2517 beato
2613 2452 2886 2518 Alberto
2916 2455 3174 2539 ymagi-

659 2552 843 2619 'nem
885 2552 1136 2636 argenti
1165 2553 1377 2619 eidem
1403 2556 1806 2636 presentare,
1848 2552 2057 2618 altare
2098 2552 2236 2617 eius
2276 2552 2513 2636 pannis
2554 2552 2768 2617 aureis
2814 2552 3168 2634 adornare,

691 2654 930 2719 festum
956 2654 1094 2718 eius
1136 2652 1365 2731 colere,
1403 2653 1458 2717 si
1487 2652 1662 2718 Deus
1701 2653 1953 2718 meritis
1994 2652 2170 2718 beati
2196 2651 2451 2717 Alberti
2475 2653 2829 2717 sanitatem
2872 2652 3277 2721 mamillezo

689 2750 1000 2818 conferat.
1024 2751 1167 2830 Que
1185 2751 1322 2817 lota
1342 2751 1531 2834 aquis
1558 2751 1999 2834 reliquiarum,
2027 2750 2243 2815 subito
2271 2769 2528 2815 vermes
2552 2750 2946 2815 ceciderunt.
2970 2750 3052 2816 Et
3069 2751 3167 2818 sic

689 2851 973 2918 sanitate
1019 2850 1295 2935 pristina
1341 2855 1443 2916 est
1497 2852 1822 2928 restituta,
1859 2850 1941 2916 de
1991 2855 2209 2916 cetero
2257 2850 2455 2972 beato
2496 2849 2769 2915 Alberto
2805 2849 3188 2933 plurimum

692 2950 931 3015 devota
959 2951 1264 3027 existenS‚
1294 2949 1453 3016 dum
1473 2949 1654 3015 vixit.

762 3163 836 3231 (1)
865 3166 1055 3234 (usque
1073 3166 1148 3219 ad
1164 3167 1254 3230 m.)
1273 3178 1385 3219 om.
1408 3169 1459 3222 3.
1479 3168 1530 3219 4.
1551 3192 1608 3203 -
1627 3164 1701 3230 (Ξ)
1718 3163 1842 3220 Om.
1866 3168 1900 3218 4
1916 3163 1991 3229 (n.
2004 3163 2157 3228 2217,
2173 3168 2328 3231 parte
2343 3167 2567 3231 poster.)
