3487 5450
1279 599 1630 651 APPENDIX
1682 600 1779 652 m.
2624 584 2753 655 131

284 791 643 874 potiuntur.
701 789 1013 872 Diripitur
1063 789 1483 854 membratim
1533 790 1759 855 volens
1812 792 2049 856 Christi
2099 793 2423 870 sacerdos
2469 799 2532 859 et
2605 797 2765 860 dum

282 891 530 974 praeda
559 890 854 965 efficitur,
883 889 1280 972 praedantes
1308 890 1525 969 potius
1575 894 1800 955 servat
1845 911 2042 974 quam
2092 893 2339 975 puniat.
2384 895 2561 958 Reor
2590 896 2764 984 enim

283 996 353 1056 ut
375 995 576 1073 queat
602 990 725 1054 dici
755 990 949 1054 unius
992 989 1192 1053 fuisse
1238 988 1590 1054 voluntatis
1641 1009 1977 1055 servorum
2027 995 2090 1055 et
2135 993 2399 1071 domini,
2442 995 2768 1076 praedan-

284 1092 445 1155 tium
498 1094 562 1154 et
615 1089 1021 1172 depraedati.
1060 1088 1197 1153 Nisi
1242 1088 1599 1171 enim-ipse
1630 1089 2019 1172 depraedari
2065 1090 2391 1168 voluisset,
2424 1111 2763 1175 praesum-

227 1216 253 1263 5
282 1188 520 1271 ptionis
535 1188 601 1252 in
614 1188 836 1251 hostes
850 1206 1133 1270 poenam
1145 1186 1628 1269 ‘dignissimam
1644 1192 2068 1270 retorqueret.
2083 1188 2241 1266 Quis
2258 1190 2430 1254 enim
2446 1211 2762 1274 umquam

282 1287 447 1352 illius
468 1287 770 1351 membra
799 1286 1046 1351 valeret
1076 1286 1413 1367 attingere,
1450 1286 1571 1350 nisi
1614 1286 1680 1351 id
1711 1287 1848 1352 eius
1879 1287 2062 1353 tieret
2105 1288 2484 1354 voluntate?
2514 1290 2761 1356 Verum

286 1387 750 1451 occumbentes
793 1386 1201 1467 tangentium
1252 1385 1391 1467 ipse
1440 1386 1699 1451 sustulit
1748 1406 1984 1451 manus
2037 1391 2101 1451 et
2153 1389 2348 1453 corda
2401 1390 2754 1456 titubantia

283 1486 619 1551 roboravit
647 1485 998 1569 piissimus

365 1590 438 1648 3.
477 1582 882 1648 Confessoris
932 1582 1128 1664 igitur
1163 1581 1483 1646 cineribus
1526 1581 1974 1664 membrisque
2018 1584 2299 1665 acceptis
2344 1585 2542 1661 beati,
2585 1586 2765 1652 ocius

206 1711 254 1759 ω
285 1702 610 1747 recessere
639 1682 994 1747 laetissimi.
1040 1680 1338 1762 Cumque
1381 1681 1517 1745 Deo
1556 1686 1867 1746 canentes
1897 1682 2264 1764 hymnidice
2301 1685 2762 1766 persultarent,

284 1783 593 1847 arcisterii
635 1780 1070 1864 expergefacti
1114 1782 1438 1857 custodes,
1483 1779 1641 1846 dum
1683 1772 1943 1845 tantum
1984 1785 2285 1846 crevere¹
2322 1783 2760 1867 dispendium,

286 1881 571 1945 heiulant
597 1881 709 1945 se²
738 1880 918 1963 pium
947 1879 1242 1944 amisisse
1265 1880 1990 1962 patronum3tundunt³
2017 1885 2286 1963 pectora
2307 1881 2473 1947 dura
2501 1903 2767 1966 gemen-

289 1984 399 2057 teS,
413 1981 600 2045 laxos
615 1980 880 2045 diruunt
895 1979 1121 2054 crineS,
1138 1979 1413 2062 pallidas
1431 1979 1720 2044 lacerant
1736 1980 1931 2045 facies
1947 2000 2199 2056 3verum
2216 1981 2764 2048 inaestimabilem

288 2080 668 2145 thesaurum
697 2081 1010 2145 amissum
1042 2079 1287 2143 fluenta
1317 2078 1493 2143 haud
1524 2083 1833 2162 reparant
1864 2080 2217 2144 oculorum.
2242 2079 2408 2162 Heu,
2443 2083 2765 2165 inquiunt,

208 2205 259 2253 {5
290 2186 612 2243 maternus
642 2183 792 2265 qum
822 2200 938 2243 nos
965 2178 1147 2242 aleus
1175 2178 1411 2260 eduxit,
1440 2178 1557 2242 loen
1581 2181 1732 2263 quia
1763 2185 2105 2262 paternum
2137 2200 2338 2243 semen
2366 2181 2627 2263 InfndIt,
2649 2182 2767 2247 heu

290 2282 434 2364 qnia
481 2281 676 2343 morti
714 2299 779 2343 se
821 2280 948 2342 cita
968 2279 1275 2363 praetulit
1318 2286 1372 2343 et
1417 2278 1662 2342 vivendi
1707 2280 1987 2363 spatium
2049 2300 2215 2342 nunc
2258 2287 2480 2345 contra
2522 2303 2758 2347 morem

291 2380 469 2466 larqa
500 2379 790 2444 Indulsit.
828 2378 999 2459 Quid
1027 2385 1115 2442 est
1145 2380 1342 2442 virere
1361 2379 1495 2441 sine
1526 2381 1656 2441 vita
1684 2377 1718 2441 ,2
1748 2378 1920 2458 Quid
1950 2379 2232 2443 lactans⁴
2243 2381 2560 2463 puerulus
2588 2381 2767 2446 habet

293 2483 481 2544 vicere
509 2480 647 2543 sine
669 2485 872 2542 matre
899 2478 932 2540 ,9
961 2477 1118 2557 Que's
1143 2498 1442 2563 nmquam
1471 2476 1798 2541 hominnm
1823 2477 1911 2541 ad
1941 2478 2147 2541 lumen
2164 2479 2414 2561 prodiit
2442 2482 2576 2544 sine
2591 2483 2767 2566 yeni-

292 2587 411 2643 tore
439 2578 472 2642 .2
529 2578 660 2643 Hic
712 2598 894 2641 verus
948 2584 1160 2640 noster
1206 2578 1442 2641 exstitit
1466 2583 1699 2660 potem
1738 2576 1840 2639 hie
1868 2576 2152 2641 educat-it
2184 2584 2255 2640 ut
2286 2584 2532 2660 nnate›·;
2557 2579 2768 2660 hicme

209 2706 260 2756 20
296 2686 542 2744 mortem
588 2680 946 2742 timeremus
1003 2697 1412 2758 communem,
1469 2676 1669 2741 caelos
1738 2696 1852 2741 nos
1894 2676 2260 2759 praeeundo
2302 2677 2657 2743 conscendit
2709 2686 2765 2744 et

294 2782 474 2842 vitam
502 2778 725 2842 habere
754 2781 818 2841 ἰη
861 2776 1112 2841 Christo
1126 2777 1554 2861 praemonuit.

362 2889 426 2943 4.
455 2877 640 2942 Haec
691 2881 758 2942 et
823 2877 923 2941 his
981 2876 1214 2941 similia
1261 2876 1711 2958 gemebundo¹
1766 2879 2032 2958 pectore
2103 2882 2540 2957 susurranteS,
2601 2878 2758 2961 quid

292 2981 566 3059 agerent,
599 2995 730 3059 quo
774 2995 845 3040 se
889 2978 1240 3047 verterent,
1295 2975 1470 3039 anxii
1522 2974 2006 3039 scrutabantur.
2029 2975 2266 3039 Verum
2315 2976 2530 3040 filrore
2579 2976 2765 3059 lugu-

295 3074 512 3158 brique
543 3074 873 3140 maestitia
917 3074 1323 3151 debacchati,
1352 3074 1622 3138 tandem
1668 3074 1945 3156 strepitu
1970 3074 2291 3139 concitato
2320 3075 2541 3140 inania
2569 3095 2642 3140 se
2671 3075 2757 3140 ad

207 3199 261 3248 2⁵
294 3193 469 3239 arma
511 3178 897 3240 convertunt
953 3178 1018 3238 ct
1067 3174 1386 3256 praedam
1411 3174 1436 3211 2
1486 3173 1799 3238 amissam
1851 3174 2246 3238 consternati
2278 3175 2548 3240 celerius
2590 3176 2761 3240 inse-

295 3279 587 3356 quuntur.
618 3274 852 3338 Mirum
875 3274 1071 3350 dictu,
1102 3274 1260 3337 dum
1282 3273 1473 3338 avido
1504 3292 1697 3338 cursu
1717 3278 1977 3355 patrem
2007 3292 2155 3336 cum
2185 3272 2585 3339 delatoribus
2612 3292 2763 3357 per-

295 3378 711 3456 sequerentur
761 3377 833 3438 ut
883 3374 1163 3450 hostem,
1215 3376 1281 3436 et
1324 3373 1575 3437 circiter
1612 3390 1727 3436 sex
1772 3371 2148 3454 leugarum?3
2176 3372 2460 3454 spatium
2496 3379 2761 3456 proten-

294 3471 513 3537 derent
539 3474 606 3537 in
637 3471 852 3536 eundo
905 3476 969 3536 et
999 3473 1134 3536 iam
1154 3472 1504 3554 pugnaturi
1547 3491 1734 3536 arma
1782 3491 1992 3553 paene
2042 3472 2357 3536 iactarent
2409 3472 2476 3536 in
2516 3471 2758 3551 hosteS,

296 3606 373 3616 —
401 3576 533 3637 erat
592 3572 767 3637 enim
817 3571 1154 3637 clarissimi
1206 3570 1464 3635 luminis
1515 3571 1673 3648 dieS,
1705 3609 1786 3617 —
1837 3590 1983 3636 cum
2036 3570 2252 3635 subito
2292 3570 2449 3636 lucis
2491 3575 2759 3654 optatae

209 3692 263 3743 30
292 3670 760 3754 phoebigenum
802 3691 1039 3736 munus
1085 3675 1301 3736 taetra
1341 3671 1726 3753 depressum
1757 3670 2024 3752 caligine
2066 3674 2278 3734 totum
2326 3690 2397 3734 se
2448 3670 2759 3735 subduxit

293 3768 358 3833 in
385 3775 657 3848 noctem,
685 3771 775 3834 ita
798 3775 872 3835 ut
894 3770 1251 3852 armigeros
1286 3769 1493 3834 densa
1523 3769 1766 3852 caligo*
1795 3773 2168 3851 contegeret
2198 3773 2264 3833 et
2284 3768 2552 3852 peplum
2579 3770 2757 3835 beati

293 3867 566 3934 Richarii
592 3869 1054 3934 vectitantibus
1085 3869 1344 3934 luminis
1381 3870 1592 3952 gratia
1621 3873 2049 3944 commearet3
2081 3869 2303 3950 sicque
2325 3868 2546 3933 miseri
2572 3869 2758 3934 undi-

294 3987 416 4049 que
465 3970 807 4052 caecigena
866 3968 1178 4034 foedItate
1249 3969 1495 4051 turpati
1518 3970 1561 4046 ⁵,
1606 3968 1896 4050 undique
1954 3968 2353 4050 palpitantes
2377 3968 2422 4044 ⁶,
2478 3967 2567 4032 nil
2624 3969 2750 4033 nisi

293 4073 559 4134 mortem
582 4073 647 4133 et
678 4088 872 4132 suum
895 4087 1193 4132 meruere
1222 4068 1559 4145 ruborem;
1590 4068 1833 4150 quippe
1861 4086 1982 4131 nec
2021 4087 2061 4131 a
2089 4066 2250 4144 loce,
2283 4085 2414 4149 quo
2445 4067 2754 4132 constite-

208 4187 262 4238 35
293 4171 453 4242 rant,
494 4188 564 4233 se
621 4167 886 4232 valuere
943 4186 1228 4240 movere,
1286 4186 1496 4250 usque
1558 4167 1717 4230 dum
1774 4165 2044 4230 dimidia
2096 4166 2228 4231 fere
2299 4165 2491 4253 leuga
2515 4165 2538 4202 ⁷
2594 4186 2751 4248 grex

295 4267 753 4331 monachorum
792 4265 1198 4348 aliorumque
1245 4265 1534 4330 fidelium
1562 4284 1797 4348 corpus
1843 4265 2049 4329 sancti
2082 4265 2420 4330 laetissimi
2450 4265 2755 4347 deporta-

293 4370 453 4429 rent.
470 4366 635 4431 Tum
653 4365 791 4431 dies
818 4365 1078 4430 luminis
1106 4366 1343 4449 privati
1372 4365 1652 4449 adeptus
1683 4370 1783 4430 est
1805 4364 2207 4447 dignitatem,
2233 4368 2296 4429 et
2319 4384 2530 4448 usque
2555 4365 2754 4430 hodie

293 4553 560 4620 -⁸(inh.
581 4558 654 4623 p.)
676 4570 731 4623 p.
752 4555 811 4607 in
833 4554 888 4608 h.
913 4554 985 4608 H.

359 4634 424 4686 3.
442 4662 504 4672 —
526 4635 545 4668 ¹
561 4637 639 4687 ita
657 4642 705 4688 et
724 4635 789 4688 H
800 4652 946 4687 ηιαιι.
969 4651 1056 4698 pr.
1069 4653 1090 4698 ,·
1113 4633 1298 4687 videre
1323 4635 1388 4688 H
1409 4651 1555 4688 corr.
1574 4661 1643 4672 —
1664 4632 1687 4667 ²
1704 4634 1846 4687 deest
1869 4634 1928 4685 in
1958 4635 2155 4700 Wolfh.
2174 4642 2221 4687 et
2244 4636 2302 4686 in
2339 4633 2754 4689 W—⁸t1·adunt

310 4716 498 4780 Wolfh.
521 4725 640 4771 ante
663 4734 807 4771 corr.
829 4748 895 4758 —
909 4717 933 4750 ⁸
956 4716 1162 4770 lactens
1191 4718 1258 4770 Μ
1269 4727 1389 4785 poet
1407 4734 1547 4771 corr.

359 4801 425 4851 4.
455 4830 517 4839 —
559 4801 578 4833 ¹
595 4799 849 4866 gebundo
907 4799 966 4852 V.
988 4826 1055 4838 —
1079 4799 1102 4832 ²
1123 4799 1292 4867 preda
1340 4801 1400 4852 Μ
1443 4808 1566 4853 ante
1614 4815 1775 4863 corr„
1823 4797 1888 4851 V.
1923 4825 1991 4837 —-
2022 4798 2047 4832 ³
2068 4798 2352 4852 leucarum
2396 4800 2465 4852 M
2504 4816 2651 4854 corr.
2687 4823 2755 4836 —

293 4880 317 4913 ⁸
338 4880 414 4944 (d.
438 4880 500 4947 c.)
523 4897 566 4935 c.
582 4881 636 4936 d.
659 4883 798 4935 Ε-
819 4881 843 4916 ⁶
865 4881 1068 4936 turbati
1099 4883 1294 4949 Wolt'b.
1311 4889 1435 4936 ante
1457 4899 1671 4936 eorr.—-
1691 4881 1717 4915 ⁸
1739 4880 2025 4949 palpantes
2042 4882 2117 4936 Η.
2132 4909 2201 4920 -
2225 4881 2246 4914 ²
2265 4881 2387 4949 lega
2410 4882 2480 4935 M
2492 4899 2756 4952 man.pr,·

292 4958 454 5014 leuoe
475 4962 542 5014 M
556 4965 698 5017 eorr-
