3487 5450
658 552 803 627 268

660 777 832 831 tenus
887 786 1068 829 carae
1102 765 1295 828 soboli
1350 765 1833 847 opitularentur.

739 967 807 1032 C.
862 965 922 1029 6.
967 966 1206 1029 Audita
1248 966 1346 1028 vir
1392 972 1643 1026 sanctus
1700 964 1834 1024 eius

650 1068 1021 1150 petitione...

742 1267 809 1332 C.
859 1266 963 1330 21.
1010 1264 1141 1327 Rex
1181 1263 1348 1345 quod
1380 1261 1700 1344 petebatur
1738 1279 1841 1323 ex-

659 1367 877 1449 templo
899 1365 1209 1428 concessit.

1460 570 1588 625 Les
1636 570 1794 624 vms
1843 552 2321 624 maeonius

1943 762 2067 823 lari
2142 762 2384 824 medelis
2466 762 2741 838 collatis,
2818 766 3114 846 praemiis

1942 862 2147 943 diqnis
2173 871 2679 926 muneraremur.

2027 960 2093 1025 C.
2126 980 2252 1024 vm.
2285 963 2560 1024 Audiens
2590 973 2795 1024 autem
2823 984 3126 1026 veneran-

1944 1062 2060 1124 dus
2079 1071 2264 1143 pater
2289 1072 2569 1125 sanctam
2610 1072 2666 1124 et
2706 1062 2832 1126 Deo
2861 1066 3117 1146 diqnam

1945 1162 2073 1223 eius
2083 1161 2564 1242 postulationem
2580 1207 2597 1223 .

2029 1259 2092 1324 C.
2161 1279 2368 1323 xxxxv.
2438 1260 2564 1338 Qui
2631 1263 2758 1323 eius
2839 1282 3120 1325 annuens

1933 1360 2225 1442 petitioni
2235 1362 2411 1422 utita
2434 1361 2610 1423 libere
2627 1363 2798 1443 fieret
2819 1364 3117 1445 extemplo

1945 1462 2257 1523 concessit.

741 1631 806 1694 2⁰
836 1632 1110 1695 Souvent
1137 1626 1303 1692 aussi
1333 1627 1392 1690 la
1435 1627 1685 1710 phrase,
1722 1624 1834 1710 qui
1864 1627 2019 1690 dans
2060 1626 2118 1689 la
2157 1626 2294 1689 Vita
2331 1630 2394 1688 1⁶
2429 1626 2526 1690 n’a
2557 1646 2669 1711 pas
2699 1627 3111 1692 entierement

659 1728 975 1814 depouille
1024 1728 1082 1792 la
1141 1727 1439 1791 lourdeur
1488 1724 2019 1808 merovingienne,
2068 1731 2352 1810 apparait
2397 1726 2539 1809 plus
2596 1726 2790 1790 alet-te
2841 1727 2995 1791 dans
3053 1726 3116 1790 la

671 1829 807 1891 Vita
828 1831 917 1892 2⁶.
945 1830 1039 1894 Un
1065 1827 1336 1911 procede
1359 1826 1513 1889 dont
1535 1844 1645 1889 use
1670 1825 2011 1888 volontiers
2034 1824 2549 1909 l'interpolateur,
2577 1833 2670 1889 est
2694 1826 2772 1890 de
2799 1826 2855 1889 la
2880 1845 3122 1909 couper

659 1948 738 1992 en
788 1928 977 2003 deux,
1037 1934 1100 1990 et
1150 1926 1227 1990 de
1285 1927 1581 2006 menager
1630 1943 1755 1988 une
1813 1923 2143 1987 transition
2196 1931 2372 1988 entre
2430 1924 2519 1988 les
2576 1924 2742 1988 deux
2798 1926 3123 1989 nouvelles

659 2029 944 2112 phrases,

1115 2141 1259 2204 Vm
1287 2140 1374 2203 1⁸.

744 2257 808 2322 C.
855 2258 916 2319 3.
957 2255 1077 2321 Sed
1123 2257 1371 2337 utrique
1419 2255 1834 2335 inteqritatem

659 2358 877 2419 mentis
907 2364 961 2417 et
990 2357 1258 2437 corporis
1299 2364 1459 2416 caste
1500 2374 1559 2415 se
1597 2373 1844 2415 servare

660 2457 1041 2527 devoventes,
1108 2474 1233 2515 non
1308 2473 1368 2515 se
1431 2452 1844 2515 abhorrebant

659 2557 843 2636 quasi
882 2555 1120 2615 diversa
1159 2555 1499 2626 sentientes,
1534 2554 1636 2613 sed
1682 2553 1841 2612 idem

658 2657 941 2730 volentes,
982 2654 1140 2714 idem
1178 2661 1541 2734 respuentes,
1588 2658 1843 2732 appete-

659 2756 807 2817 bant
844 2754 1010 2835 quod
1050 2753 1416 2833 expediebat,
1453 2762 1508 2813 et
1550 2752 1841 2812 adversa·

658 2854 887 2915 bantur
924 2853 1090 2934 quod
1130 2853 1246 2914 sibi
1295 2852 1488 2913 obesse
1531 2851 1842 2930 intellege·

660 2953 828 3014 bant.

744 3051 812 3114 C.
874 3051 934 3113 6.
1127 3050 1497 3112 monachum
1555 3068 1615 3114 se
1676 3050 1833 3129 fieri,

657 3159 851 3212 mente
923 3160 979 3211 et
1040 3169 1285 3230 corpore
1356 3169 1416 3210 se
1482 3150 1842 3208 renuntiare

658 3250 900 3312 saeculo
922 3258 1333 3310 contestans...

744 3348 810 3411 C.
846 3349 908 3410 7.
1049 3350 1240 3428 coepit
1280 3355 1636 3408 sanctarum
1690 3347 1843 3407 scri-

651 3457 986 3528 pturarum
1032 3448 1279 3508 lectione
1329 3448 1609 3507 animum
1652 3464 1841 3506 suum

660 3566 973 3628 occupare,
1009 3556 1065 3608 et
1086 3547 1153 3607 in
1179 3547 1391 3608 studio
1414 3547 1606 3626 ipsius
1643 3545 1845 3606 lectio-

659 3646 756 3708 nis
779 3647 1023 3708 sedulus
1056 3655 1111 3707 et
1137 3644 1372 3726 fervens·
1405 3665 1601 3706 esse...

744 3745 808 3809 C.
844 3745 945 3808 11.
1077 3745 1405 3818 translatO,
1432 3743 1590 3825 felix
1609 3744 1841 3805 sodalis

660 3847 789 3906 eius
810 3845 1145 3907 Ansbertus
1174 3846 1242 3905 in
1266 3846 1395 3905 vice
1416 3847 1544 3905 eius
1565 3844 1648 3904 ad
1660 3863 1844 3924 prae·

658 3944 982 4006 sidendum
1029 3943 1318 4025 patribus
1372 3943 1643 4023 eliqitur,
1696 3963 1847 4024 pro-

659 4053 956 4120 movetur,
1005 4052 1061 4104 et
1094 4052 1168 4104 ut
1206 4042 1403 4124 fidelis
1437 4051 1620 4123 pater
1663 4062 1844 4105 assu·

659 4143 932 4204 mitur...

854 4242 1044 4303 veluti
1086 4241 1320 4322 lampas
1361 4260 1614 4303 accensa
1650 4237 1845 4319 resul-

658 4339 855 4421 9ebat,
918 4341 1009 4402 ita
1077 4349 1150 4401 ut
1213 4360 1290 4402 ex
1359 4340 1589 4401 lumine
1655 4347 1712 4401 et
1769 4358 1846 4401 ex

661 4441 979 4517 affluentia
1008 4441 1390 4521 eloquiorum
1426 4439 1645 4502 illius..
1660 4488 1674 4501 .

2397 2140 2547 2202 VrrA
2572 2141 2662 2202 2¹².

2029 2254 2094 2318 C.
2129 2274 2211 2317 w.
2258 2255 2529 2337 Denique
2571 2256 2746 2318 ambo
2791 2250 3126 2337 inteqrita-

1948 2363 2062 2415 tem
2086 2357 2301 2416 mentis
2330 2364 2383 2416 et
2413 2358 2678 2436 corporis
2702 2366 2860 2418 caste
2880 2376 3131 2417 servare

1945 2455 2268 2534 cupientes,
2320 2456 2786 2535 omnipotentem
2827 2456 3132 2536 depreca-

1944 2552 2172 2614 bantur
2215 2552 2567 2628 Dominum,
2623 2562 2694 2615 ut
2731 2556 3129 2635 voluptatum

1942 2672 2171 2713 venena
2201 2673 2240 2713 a
2270 2654 2549 2715 cordibus
2591 2674 2796 2716 eorum
2827 2656 3128 2736 cliqnare·

1944 2761 2047 2813 tur
2073 2753 2374 2833 repellere.

2027 3049 2091 3112 C.
2143 3069 2270 3112 vm.
2439 3051 2808 3112 monachum
2849 3071 2909 3112 se
2954 3053 3126 3132 fieri.

1943 3149 2106 3211 Nam
2143 3169 2388 3230 corpore
2437 3159 2492 3210 et
2543 3159 2734 3211 mente
2770 3151 3012 3213 saeculo
3067 3172 3133 3213 se

1936 3250 2444 3319 ‚renuntiaturum
2474 3250 2757 3311 aiebat...

2027 3346 2092 3409 C.
2155 3367 2237 3409 lx.
2427 3349 2617 3428 coepit
2671 3350 2795 3428 ipse
2847 3350 2947 3410 vir
3002 3349 3125 3411 Dei

1945 3465 2149 3508 amore
2160 3455 2516 3508 sanctarum
2533 3448 2984 3528 scripturarum
3000 3447 3136 3529 fer·

1943 3566 2154 3608 vere...

2029 3743 2237 3806 C.x1x.
2352 3745 2673 3805 unanimes
2696 3745 2962 3806 eiusdem
2983 3766 3141 3808 con-

1942 3845 2315 3925 qreqationis
2337 3845 2622 3906 monachi
2644 3844 2719 3905 Β.
2744 3843 3125 3906 Ansbertum

1943 3942 2061 4003 sibi
2082 3942 2384 4023 eleqerunt
2407 3963 2678 4023 praeesse
2700 3954 3010 4006 rectorem.

2152 4240 2316 4302 velut
2367 4240 2602 4320 lampas
2639 4238 2982 4321 refulqebat
3019 4262 3144 4304 ac-

1947 4359 2145 4402 censa.
2182 4339 2469 4417 Quadam
2504 4359 2769 4420 namque
2799 4340 2893 4401 die
3038 4344 3150 4404 ita'

1947 4441 2264 4519 affluentia
2295 4439 2672 4520 eloquiorum
2703 4440 2896 4502 illius.

741 4589 810 4650 5⁰
839 4588 955 4651 Les
983 4586 1345 4651 transitions
1387 4587 1467 4651 de
1497 4586 1554 4650 la
1584 4587 1694 4651 Vie
1741 4587 2089 4671 interpolee
2121 4597 2262 4651 sont
2290 4606 2371 4651 en
2398 4588 2649 4670 general
2679 4587 2825 4670 plus
2853 4588 3147 4654 hem-eu-

658 4694 900 4752 sement
918 4685 1189 4751 choisies
1210 4705 1336 4771 que
1360 4686 1551 4751 celles
1582 4687 1662 4751 de
1686 4688 1741 4750 la
1779 4686 1919 4750 Vita
1955 4690 2043 4750 μ.

740 4838 807 4903 C.
839 4838 903 4901 3.
936 4836 1103 4900 Huic
1128 4839 1259 4900 iam
1284 4838 1567 4901 adulto...

740 4937 808 5002 C.
838 4936 900 5000 6.
938 4964 1010 5000 ...·
1055 4938 1142 4999 ad
1168 4937 1337 5018 quod
1370 4938 1601 5001 veniat.
1631 4934 1839 5018 Spiri-

2030 4838 2098 4903 C.
2130 4858 2213 4901 lv·
2241 4836 2357 4900 His
2385 4837 2669 4900 diebus...

2030 4938 2096 5003 C.
2127 4957 2231 5002 vu.
2367 4937 2453 5000 ad
2479 4936 2630 5021 quid
2655 4946 2931 5001 venera&
2966 4939 3158 5019 Qui-
