<?xml version="1.0" encoding="UTF-8"?>
<!DOCTYPE html PUBLIC "-//W3C//DTD XHTML 1.0 Transitional//EN"
    "http://www.w3.org/TR/xhtml1/DTD/xhtml1-transitional.dtd">
<html xmlns="http://www.w3.org/1999/xhtml" xml:lang="en" lang="en">
 <head>
  <title>
</title>
<meta http-equiv="Content-Type" content="text/html;charset=utf-8" />
  <meta name='ocr-system' content='tesseract 3.04.00' />
  <meta name='ocr-capabilities' content='ocr_page ocr_carea ocr_par ocr_line ocrx_word'/>
</head>
<body>
  <div class='ocr_page' id='page_1' title='image "analectabolland01bollgoog_0214.png"; bbox 0 0 3487 5450; ppageno 0'>
   <div class='ocr_carea' id='block_1_1' title="bbox 739 574 2637 652">
    <p class='ocr_par' dir='ltr' id='par_1_1' title="bbox 739 574 2637 652">
     <span class='ocr_line' id='line_1_1' title="bbox 739 574 2637 652; baseline -0.004 0"><span class='ocrx_word' id='word_1_1' title='bbox 739 574 890 652; x_wconf 74' lang='lat'><strong>204</strong></span> <span class='ocrx_word' id='word_1_2' title='bbox 1296 595 1387 649; x_wconf 74' lang='lat' dir='ltr'><strong>nn</strong></span> <span class='ocrx_word' id='word_1_3' title='bbox 1439 595 1681 648; x_wconf 66' lang='lat' dir='ltr'><strong>meno</strong></span> <span class='ocrx_word' id='word_1_4' title='bbox 1731 593 2174 648; x_wconf 69' lang='lat' dir='ltr'><strong>mommo</strong></span> <span class='ocrx_word' id='word_1_5' title='bbox 2224 593 2637 646; x_wconf 62' lang='lat' dir='ltr'><strong>ausa-auco.</strong></span> 
     </span>
    </p>
   </div>
   <div class='ocr_carea' id='block_1_2' title="bbox 732 782 3328 2356">
    <p class='ocr_par' dir='ltr' id='par_1_2' title="bbox 732 782 3299 1364">
     <span class='ocr_line' id='line_1_2' title="bbox 747 782 3202 871; baseline 0 -21"><span class='ocrx_word' id='word_1_6' title='bbox 747 804 878 871; x_wconf 86' lang='lat' dir='ltr'><strong>quo</strong></span> <span class='ocrx_word' id='word_1_7' title='bbox 918 783 1167 870; x_wconf 88' lang='lat' dir='ltr'><strong>liquore</strong></span> <span class='ocrx_word' id='word_1_8' title='bbox 1209 785 1385 851; x_wconf 87' lang='lat' dir='ltr'><strong>caeci</strong></span> <span class='ocrx_word' id='word_1_9' title='bbox 1419 783 1694 850; x_wconf 87' lang='lat' dir='ltr'><strong>delibuti</strong></span> <span class='ocrx_word' id='word_1_10' title='bbox 1732 783 2075 851; x_wconf 75' lang='lat' dir='ltr'><strong>confestim</strong></span> <span class='ocrx_word' id='word_1_11' title='bbox 2103 787 2255 850; x_wconf 87' lang='lat' dir='ltr'><strong>sunt</strong></span> <span class='ocrx_word' id='word_1_12' title='bbox 2294 783 2666 861; x_wconf 79' lang='lat' dir='ltr'><strong>illumiaati;</strong></span> <span class='ocrx_word' id='word_1_13' title='bbox 2692 783 2880 849; x_wconf 87' lang='lat' dir='ltr'><strong>multi</strong></span> <span class='ocrx_word' id='word_1_14' title='bbox 2919 782 3202 850; x_wconf 77' lang='lat' dir='ltr'><strong>febrium</strong></span> 
     </span>
     <span class='ocr_line' id='line_1_3' title="bbox 745 882 3204 968; baseline -0.001 -17"><span class='ocrx_word' id='word_1_15' title='bbox 745 884 983 952; x_wconf 87' lang='lat' dir='ltr'><strong>ardore</strong></span> <span class='ocrx_word' id='word_1_16' title='bbox 1008 883 1274 950; x_wconf 88' lang='lat' dir='ltr'><strong>cruciati</strong></span> <span class='ocrx_word' id='word_1_17' title='bbox 1302 887 1533 968; x_wconf 86' lang='lat' dir='ltr'><strong>optato</strong></span> <span class='ocrx_word' id='word_1_18' title='bbox 1560 882 1891 967; x_wconf 79' lang='lat' dir='ltr'><strong>refrigerio</strong></span> <span class='ocrx_word' id='word_1_19' title='bbox 1919 887 2072 949; x_wconf 90' lang='lat' dir='ltr'><strong>sunt</strong></span> <span class='ocrx_word' id='word_1_20' title='bbox 2100 883 2438 962; x_wconf 86' lang='lat' dir='ltr'><strong>consolati;</strong></span> <span class='ocrx_word' id='word_1_21' title='bbox 2465 883 2802 967; x_wconf 84' lang='lat' dir='ltr'><strong>hydropici</strong></span> <span class='ocrx_word' id='word_1_22' title='bbox 2823 882 2908 949; x_wconf 87' lang='lat' dir='ltr'><strong>ab</strong></span> <span class='ocrx_word' id='word_1_23' title='bbox 2937 882 3204 966; x_wconf 85' lang='lat' dir='ltr'>aquosis</span> 
     </span>
     <span class='ocr_line' id='line_1_4' title="bbox 745 980 3206 1066; baseline -0.002 -15"><span class='ocrx_word' id='word_1_24' title='bbox 745 984 1081 1051; x_wconf 88' lang='lat' dir='ltr'><strong>umoribus</strong></span> <span class='ocrx_word' id='word_1_25' title='bbox 1123 986 1276 1048; x_wconf 84' lang='lat' dir='ltr'><strong>sunt</strong></span> <span class='ocrx_word' id='word_1_26' title='bbox 1323 982 1606 1060; x_wconf 84' lang='lat' dir='ltr'><strong>liberati;</strong></span> <span class='ocrx_word' id='word_1_27' title='bbox 1652 981 1994 1066; x_wconf 79' lang='lat' dir='ltr'><strong>paralytici</strong></span> <span class='ocrx_word' id='word_1_28' title='bbox 2032 982 2368 1066; x_wconf 89' lang='lat' dir='ltr'><strong>praedicto</strong></span> <span class='ocrx_word' id='word_1_29' title='bbox 2407 982 2558 1046; x_wconf 84' lang='lat' dir='ltr'><strong>vino</strong></span> <span class='ocrx_word' id='word_1_30' title='bbox 2599 980 2844 1064; x_wconf 79' lang='lat' dir='ltr'><strong>perfusi</strong></span> <span class='ocrx_word' id='word_1_31' title='bbox 2889 981 3206 1064; x_wconf 76' lang='lat' dir='ltr'><strong>pristinae</strong></span> 
     </span>
     <span class='ocr_line' id='line_1_5' title="bbox 739 1078 3299 1164; baseline -0.001 -17"><span class='ocrx_word' id='word_1_32' title='bbox 739 1081 1007 1147; x_wconf 87' lang='lat' dir='ltr'><strong>sanitati</strong></span> <span class='ocrx_word' id='word_1_33' title='bbox 1055 1084 1208 1147; x_wconf 90' lang='lat' dir='ltr'><strong>sunt</strong></span> <span class='ocrx_word' id='word_1_34' title='bbox 1254 1080 1568 1158; x_wconf 87' lang='lat' dir='ltr'><strong>restituti;</strong></span> <span class='ocrx_word' id='word_1_35' title='bbox 1610 1080 1852 1164; x_wconf 84' lang='lat' dir='ltr'><strong>leprosi</strong></span> <span class='ocrx_word' id='word_1_36' title='bbox 1897 1080 2217 1160; x_wconf 89' lang='lat' dir='ltr'><strong>mundati,</strong></span> <span class='ocrx_word' id='word_1_37' title='bbox 2260 1080 2472 1147; x_wconf 91' lang='lat' dir='ltr'><strong>claudi</strong></span> <span class='ocrx_word' id='word_1_38' title='bbox 2520 1085 2674 1145; x_wconf 89' lang='lat' dir='ltr'><strong>sunt</strong></span> <span class='ocrx_word' id='word_1_39' title='bbox 2717 1080 2932 1146; x_wconf 87' lang='lat' dir='ltr'><strong>sanati</strong></span> <span class='ocrx_word' id='word_1_40' title='bbox 2979 1083 3045 1145; x_wconf 91' lang='lat' dir='ltr'><strong>et</strong></span> <span class='ocrx_word' id='word_1_41' title='bbox 3093 1078 3207 1145; x_wconf 86' lang='lat' dir='ltr'><strong>alii</strong></span> <span class='ocrx_word' id='word_1_42' title='bbox 3295 1120 3299 1123; x_wconf 33' lang='lat' dir='ltr'>v</span> 
     </span>
     <span class='ocr_line' id='line_1_6' title="bbox 745 1179 3275 1265; baseline -0.001 -18"><span class='ocrx_word' id='word_1_43' title='bbox 745 1200 1006 1265; x_wconf 79' lang='lat' dir='ltr'><strong>quoque</strong></span> <span class='ocrx_word' id='word_1_44' title='bbox 1024 1181 1052 1219; x_wconf 81' lang='lat'>⁶</span> <span class='ocrx_word' id='word_1_45' title='bbox 1073 1200 1273 1265; x_wconf 88' lang='lat' dir='ltr'><strong>quam</strong></span> <span class='ocrx_word' id='word_1_46' title='bbox 1290 1179 1552 1264; x_wconf 88' lang='lat' dir='ltr'><strong>plurimi</strong></span> <span class='ocrx_word' id='word_1_47' title='bbox 1580 1179 1852 1246; x_wconf 83' lang='lat' dir='ltr'><strong>diversis</strong></span> <span class='ocrx_word' id='word_1_48' title='bbox 1878 1179 2363 1246; x_wconf 88' lang='lat' dir='ltr'><strong>infirmitatibus</strong></span> <span class='ocrx_word' id='word_1_49' title='bbox 2388 1179 2726 1259; x_wconf 88' lang='lat' dir='ltr'><strong>debilitati,</strong></span> <span class='ocrx_word' id='word_1_50' title='bbox 2748 1199 2934 1245; x_wconf 88' lang='lat' dir='ltr'><strong>sacro</strong></span> <span class='ocrx_word' id='word_1_51' title='bbox 2954 1179 3208 1263; x_wconf 87' lang='lat' dir='ltr'><strong>liquore</strong></span> <span class='ocrx_word' id='word_1_52' title='bbox 3241 1196 3275 1245; x_wconf 66' lang='grc' dir='ltr'>ι</span> 
     </span>
     <span class='ocr_line' id='line_1_7' title="bbox 732 1278 2213 1364; baseline -0.001 -18"><span class='ocrx_word' id='word_1_53' title='bbox 732 1279 942 1364; x_wconf 74' lang='lat' dir='ltr'><strong>rigati,</strong></span> <span class='ocrx_word' id='word_1_54' title='bbox 971 1280 1189 1345; x_wconf 84' lang='lat' dir='ltr'><strong>divina</strong></span> <span class='ocrx_word' id='word_1_55' title='bbox 1215 1282 1368 1345; x_wconf 90' lang='lat' dir='ltr'><strong>sunt</strong></span> <span class='ocrx_word' id='word_1_56' title='bbox 1396 1278 1839 1345; x_wconf 82' lang='lat' dir='ltr'><strong>misericordia</strong></span> <span class='ocrx_word' id='word_1_57' title='bbox 1863 1278 2213 1345; x_wconf 56' lang='lat' dir='ltr'><strong>laetificati„</strong></span> 
     </span>
    </p>

    <p class='ocr_par' dir='ltr' id='par_1_3' title="bbox 738 1378 3328 2356">
     <span class='ocr_line' id='line_1_8' title="bbox 829 1378 3208 1463; baseline 0 -20"><span class='ocrx_word' id='word_1_58' title='bbox 829 1388 867 1443; x_wconf 85' lang='lat'><strong>1</strong></span> <span class='ocrx_word' id='word_1_59' title='bbox 884 1388 953 1445; x_wconf 85' lang='lat'><strong>1.</strong></span> <span class='ocrx_word' id='word_1_60' title='bbox 998 1379 1125 1445; x_wconf 87' lang='lat' dir='ltr'><strong>Pro</strong></span> <span class='ocrx_word' id='word_1_61' title='bbox 1177 1379 1412 1463; x_wconf 86' lang='lat' dir='ltr'><strong>quihus</strong></span> <span class='ocrx_word' id='word_1_62' title='bbox 1482 1378 1815 1445; x_wconf 88' lang='lat' dir='ltr'><strong>beneficiis</strong></span> <span class='ocrx_word' id='word_1_63' title='bbox 1862 1378 2205 1444; x_wconf 89' lang='lat' dir='ltr'><strong>laudemus</strong></span> <span class='ocrx_word' id='word_1_64' title='bbox 2260 1381 2327 1444; x_wconf 87' lang='lat' dir='ltr'><strong>et</strong></span> <span class='ocrx_word' id='word_1_65' title='bbox 2382 1378 2811 1462; x_wconf 84' lang='lat' dir='ltr'><strong>glorificemus</strong></span> <span class='ocrx_word' id='word_1_66' title='bbox 2864 1378 3208 1444; x_wconf 88' lang='lat' dir='ltr'><strong>dominum</strong></span> 
     </span>
     <span class='ocr_line' id='line_1_9' title="bbox 738 1477 3210 1561; baseline -0.001 -17"><span class='ocrx_word' id='word_1_67' title='bbox 738 1483 1041 1545; x_wconf 87' lang='lat' dir='ltr'><strong>nostrum</strong></span> <span class='ocrx_word' id='word_1_68' title='bbox 1092 1478 1307 1544; x_wconf 89' lang='lat' dir='ltr'><strong>Iesum</strong></span> <span class='ocrx_word' id='word_1_69' title='bbox 1372 1477 1723 1558; x_wconf 87' lang='lat' dir='ltr'><strong>Christum,</strong></span> <span class='ocrx_word' id='word_1_70' title='bbox 1793 1482 2059 1543; x_wconf 87' lang='lat' dir='ltr'><strong>orantes</strong></span> <span class='ocrx_word' id='word_1_71' title='bbox 2133 1496 2281 1543; x_wconf 88' lang='lat' dir='ltr'><strong>cum</strong></span> <span class='ocrx_word' id='word_1_72' title='bbox 2351 1478 2529 1543; x_wconf 89' lang='lat' dir='ltr'><strong>omni</strong></span> <span class='ocrx_word' id='word_1_73' title='bbox 2592 1477 2937 1543; x_wconf 85' lang='lat' dir='ltr'><strong>devotione</strong></span> <span class='ocrx_word' id='word_1_74' title='bbox 3003 1480 3210 1561; x_wconf 80' lang='lat' dir='ltr'><strong>atque</strong></span> 
     </span>
     <span class='ocr_line' id='line_1_10' title="bbox 741 1575 3211 1656; baseline -0.001 -12"><span class='ocrx_word' id='word_1_75' title='bbox 741 1577 1075 1644; x_wconf 86' lang='lat' dir='ltr'><strong>dicentes:</strong></span> <span class='ocrx_word' id='word_1_76' title='bbox 1102 1577 1343 1643; x_wconf 84' lang='lat' dir='ltr'><strong>Sancte</strong></span> <span class='ocrx_word' id='word_1_77' title='bbox 1364 1577 1641 1656; x_wconf 86' lang='lat' dir='ltr'><strong>Florine,</strong></span> <span class='ocrx_word' id='word_1_78' title='bbox 1670 1576 2002 1643; x_wconf 82' lang='lat' dir='ltr'><strong>confessor</strong></span> <span class='ocrx_word' id='word_1_79' title='bbox 2026 1577 2284 1656; x_wconf 86' lang='lat' dir='ltr'><strong>Christi,</strong></span> <span class='ocrx_word' id='word_1_80' title='bbox 2303 1577 2613 1643; x_wconf 88' lang='lat' dir='ltr'><strong>miserere</strong></span> <span class='ocrx_word' id='word_1_81' title='bbox 2639 1577 2864 1655; x_wconf 89' lang='lat' dir='ltr'><strong>nostri,</strong></span> <span class='ocrx_word' id='word_1_82' title='bbox 2892 1575 3211 1642; x_wconf 81' lang='lat' dir='ltr'><strong>auxiliare</strong></span> 
     </span>
     <span class='ocr_line' id='line_1_11' title="bbox 740 1675 3318 1761; baseline -0.001 -17"><span class='ocrx_word' id='word_1_83' title='bbox 740 1676 1056 1761; x_wconf 90' lang='lat' dir='ltr'><strong>orphanis</strong></span> <span class='ocrx_word' id='word_1_84' title='bbox 1085 1681 1151 1743; x_wconf 90' lang='lat' dir='ltr'><strong>et</strong></span> <span class='ocrx_word' id='word_1_85' title='bbox 1178 1677 1410 1757; x_wconf 81' lang='lat' dir='ltr'><strong>viduis,</strong></span> <span class='ocrx_word' id='word_1_86' title='bbox 1439 1677 1712 1743; x_wconf 81' lang='lat' dir='ltr'><strong>subveni</strong></span> <span class='ocrx_word' id='word_1_87' title='bbox 1746 1677 2018 1760; x_wconf 82' lang='lat' dir='ltr'><strong>captivis</strong></span> <span class='ocrx_word' id='word_1_88' title='bbox 2047 1681 2113 1747; x_wconf 82' lang='lat' dir='ltr'><strong>et</strong></span> <span class='ocrx_word' id='word_1_89' title='bbox 2138 1676 2515 1760; x_wconf 59' lang='lat' dir='ltr'><strong>peregrinis»,</strong></span> <span class='ocrx_word' id='word_1_90' title='bbox 2542 1675 2749 1741; x_wconf 88' lang='lat' dir='ltr'><strong>libera</strong></span> <span class='ocrx_word' id='word_1_91' title='bbox 2767 1695 2889 1741; x_wconf 90' lang='lat' dir='ltr'><strong>nos</strong></span> <span class='ocrx_word' id='word_1_92' title='bbox 2918 1695 2959 1740; x_wconf 89' lang='lat' dir='ltr'><strong>a</strong></span> <span class='ocrx_word' id='word_1_93' title='bbox 2976 1693 3218 1759; x_wconf 81' lang='lat' dir='ltr'><strong>pecca-</strong></span> <span class='ocrx_word' id='word_1_94' title='bbox 3255 1692 3318 1742; x_wconf 77' lang='grc' dir='ltr'><strong>ω</strong></span> 
     </span>
     <span class='ocr_line' id='line_1_12' title="bbox 742 1774 3216 1860; baseline -0.001 -17"><span class='ocrx_word' id='word_1_95' title='bbox 742 1778 963 1843; x_wconf 90' lang='lat' dir='ltr'><strong>torum</strong></span> <span class='ocrx_word' id='word_1_96' title='bbox 1006 1776 1275 1842; x_wconf 86' lang='lat' dir='ltr'><strong>vinculis</strong></span> <span class='ocrx_word' id='word_1_97' title='bbox 1317 1780 1383 1842; x_wconf 86' lang='lat' dir='ltr'><strong>et</strong></span> <span class='ocrx_word' id='word_1_98' title='bbox 1433 1777 1520 1841; x_wconf 87' lang='lat' dir='ltr'><strong>ab</strong></span> <span class='ocrx_word' id='word_1_99' title='bbox 1562 1775 1868 1842; x_wconf 88' lang='lat' dir='ltr'><strong>omnibus</strong></span> <span class='ocrx_word' id='word_1_100' title='bbox 1910 1774 2223 1860; x_wconf 77' lang='lat' dir='ltr'><strong>angustiis</strong></span> <span class='ocrx_word' id='word_1_101' title='bbox 2271 1780 2469 1859; x_wconf 87' lang='lat' dir='ltr'><strong>atque</strong></span> <span class='ocrx_word' id='word_1_102' title='bbox 2496 1774 2797 1859; x_wconf 79' lang='lat' dir='ltr'><strong>periculis</strong></span> <span class='ocrx_word' id='word_1_103' title='bbox 2838 1775 3097 1840; x_wconf 87' lang='lat' dir='ltr'><strong>animae</strong></span> <span class='ocrx_word' id='word_1_104' title='bbox 3137 1778 3216 1840; x_wconf 91' lang='lat' dir='ltr'><strong>et</strong></span> 
     </span>
     <span class='ocr_line' id='line_1_13' title="bbox 743 1874 3215 1959; baseline -0.001 -18"><span class='ocrx_word' id='word_1_105' title='bbox 743 1876 1058 1959; x_wconf 87' lang='lat' dir='ltr'><strong>corporis.</strong></span> <span class='ocrx_word' id='word_1_106' title='bbox 1108 1876 1233 1941; x_wconf 86' lang='lat' dir='ltr'><strong>Fer</strong></span> <span class='ocrx_word' id='word_1_107' title='bbox 1273 1895 1467 1959; x_wconf 90' lang='lat' dir='ltr'><strong>opem</strong></span> <span class='ocrx_word' id='word_1_108' title='bbox 1509 1875 1812 1941; x_wconf 86' lang='lat' dir='ltr'><strong>fidelibus</strong></span> <span class='ocrx_word' id='word_1_109' title='bbox 1846 1874 2183 1953; x_wconf 77' lang='lat' dir='ltr'><strong>universiS,</strong></span> <span class='ocrx_word' id='word_1_110' title='bbox 2212 1874 2375 1940; x_wconf 81' lang='lat' dir='ltr'><strong>vivis</strong></span> <span class='ocrx_word' id='word_1_111' title='bbox 2417 1878 2483 1940; x_wconf 90' lang='lat' dir='ltr'><strong>et</strong></span> <span class='ocrx_word' id='word_1_112' title='bbox 2531 1874 2870 1954; x_wconf 77' lang='lat' dir='ltr'><strong>defunctis,</strong></span> <span class='ocrx_word' id='word_1_113' title='bbox 2900 1893 3030 1959; x_wconf 90' lang='lat' dir='ltr'><strong>quo</strong></span> <span class='ocrx_word' id='word_1_114' title='bbox 3054 1878 3215 1958; x_wconf 86' lang='lat' dir='ltr'><strong>post</strong></span> 
     </span>
     <span class='ocr_line' id='line_1_14' title="bbox 740 1973 3215 2059; baseline -0.002 -15"><span class='ocrx_word' id='word_1_115' title='bbox 740 1975 980 2044; x_wconf 90' lang='lat' dir='ltr'><strong>mundi</strong></span> <span class='ocrx_word' id='word_1_116' title='bbox 1005 1975 1198 2041; x_wconf 87' lang='lat' dir='ltr'><strong>huius</strong></span> <span class='ocrx_word' id='word_1_117' title='bbox 1238 1975 1571 2040; x_wconf 86' lang='lat' dir='ltr'><strong>tristitiam</strong></span> <span class='ocrx_word' id='word_1_118' title='bbox 1612 1975 1698 2040; x_wconf 86' lang='lat' dir='ltr'><strong>ad</strong></span> <span class='ocrx_word' id='word_1_119' title='bbox 1739 1978 2074 2059; x_wconf 80' lang='lat' dir='ltr'><strong>aeternam</strong></span> <span class='ocrx_word' id='word_1_120' title='bbox 2105 1993 2476 2040; x_wconf 88' lang='lat' dir='ltr'><strong>mereamur</strong></span> <span class='ocrx_word' id='word_1_121' title='bbox 2504 1975 2846 2057; x_wconf 85' lang='lat' dir='ltr'><strong>pervenire</strong></span> <span class='ocrx_word' id='word_1_122' title='bbox 2871 1973 3215 2039; x_wconf 78' lang='lat' dir='ltr'><strong>laetitiam.</strong></span> 
     </span>
     <span class='ocr_line' id='line_1_15' title="bbox 744 2073 3214 2158; baseline -0 -17"><span class='ocrx_word' id='word_1_123' title='bbox 744 2074 942 2154; x_wconf 89' lang='lat' dir='ltr'><strong>Quod</strong></span> <span class='ocrx_word' id='word_1_124' title='bbox 984 2074 1124 2158; x_wconf 90' lang='lat' dir='ltr'><strong>ipse</strong></span> <span class='ocrx_word' id='word_1_125' title='bbox 1164 2074 1355 2140; x_wconf 88' lang='lat' dir='ltr'><strong>nobis</strong></span> <span class='ocrx_word' id='word_1_126' title='bbox 1380 2073 1629 2141; x_wconf 85' lang='lat' dir='ltr'><strong>meritis</strong></span> <span class='ocrx_word' id='word_1_127' title='bbox 1658 2078 1725 2140; x_wconf 89' lang='lat' dir='ltr'><strong>et</strong></span> <span class='ocrx_word' id='word_1_128' title='bbox 1750 2075 2051 2157; x_wconf 87' lang='lat' dir='ltr'><strong>precihus</strong></span> <span class='ocrx_word' id='word_1_129' title='bbox 2090 2073 2224 2139; x_wconf 89' lang='lat' dir='ltr'><strong>suis</strong></span> <span class='ocrx_word' id='word_1_130' title='bbox 2249 2076 2592 2158; x_wconf 87' lang='lat' dir='ltr'><strong>praestare</strong></span> <span class='ocrx_word' id='word_1_131' title='bbox 2627 2073 2946 2157; x_wconf 74' lang='lat' dir='ltr'><strong>dignetur,</strong></span> <span class='ocrx_word' id='word_1_132' title='bbox 2987 2074 3099 2157; x_wconf 90' lang='lat' dir='ltr'><strong>qui</strong></span> <span class='ocrx_word' id='word_1_133' title='bbox 3137 2078 3214 2140; x_wconf 86' lang='lat' dir='ltr'><strong>te</strong></span> 
     </span>
     <span class='ocr_line' id='line_1_16' title="bbox 745 2172 3328 2259; baseline 0 -19"><span class='ocrx_word' id='word_1_134' title='bbox 745 2174 1026 2259; x_wconf 87' lang='lat' dir='ltr'><strong>perenni</strong></span> <span class='ocrx_word' id='word_1_135' title='bbox 1046 2173 1497 2239; x_wconf 87' lang='lat' dir='ltr'><strong>benedictione</strong></span> <span class='ocrx_word' id='word_1_136' title='bbox 1518 2173 1891 2240; x_wconf 81' lang='lat' dir='ltr'><strong>sublimavit</strong></span> <span class='ocrx_word' id='word_1_137' title='bbox 1903 2178 1972 2239; x_wconf 86' lang='lat' dir='ltr'><strong>et</strong></span> <span class='ocrx_word' id='word_1_138' title='bbox 1990 2176 2365 2240; x_wconf 85' lang='lat' dir='ltr'><strong>sanctorum</strong></span> <span class='ocrx_word' id='word_1_139' title='bbox 2385 2172 2766 2256; x_wconf 84' lang='lat' dir='ltr'><strong>angelorum</strong></span> <span class='ocrx_word' id='word_1_140' title='bbox 2787 2173 3220 2240; x_wconf 84' lang='lat' dir='ltr'><strong>contubernio</strong></span> <span class='ocrx_word' id='word_1_141' title='bbox 3260 2196 3328 2247; x_wconf 66' lang='grc' dir='ltr'><strong>ιο</strong></span> 
     </span>
     <span class='ocr_line' id='line_1_17' title="bbox 747 2272 3217 2356; baseline -0 -16"><span class='ocrx_word' id='word_1_142' title='bbox 747 2273 1020 2340; x_wconf 87' lang='lat' dir='ltr'><strong>donavit</strong></span> <span class='ocrx_word' id='word_1_143' title='bbox 1060 2273 1241 2339; x_wconf 89' lang='lat' dir='ltr'><strong>Iesus</strong></span> <span class='ocrx_word' id='word_1_144' title='bbox 1269 2272 1565 2340; x_wconf 88' lang='lat' dir='ltr'><strong>Christus</strong></span> <span class='ocrx_word' id='word_1_145' title='bbox 1580 2272 1959 2356; x_wconf 88' lang='lat' dir='ltr'><strong>redemptor</strong></span> <span class='ocrx_word' id='word_1_146' title='bbox 1975 2274 1997 2312; x_wconf 91' lang='lat'><em>¹</em></span> <span class='ocrx_word' id='word_1_147' title='bbox 2024 2277 2265 2352; x_wconf 89' lang='lat' dir='ltr'><strong>noster,</strong></span> <span class='ocrx_word' id='word_1_148' title='bbox 2293 2272 2405 2356; x_wconf 90' lang='lat' dir='ltr'><strong>qui</strong></span> <span class='ocrx_word' id='word_1_149' title='bbox 2446 2291 2596 2353; x_wconf 83' lang='lat' dir='ltr'><strong>cum</strong></span> <span class='ocrx_word' id='word_1_150' title='bbox 2624 2272 2797 2338; x_wconf 69' lang='lat' dir='ltr'><strong>Deo¹¹</strong></span> <span class='ocrx_word' id='word_1_151' title='bbox 2823 2272 3022 2339; x_wconf 87' lang='lat' dir='ltr'><strong>Patre</strong></span> <span class='ocrx_word' id='word_1_152' title='bbox 3048 2273 3217 2339; x_wconf 75' lang='lat' dir='ltr'><strong>vivit</strong></span> 
     </span>
    </p>
   </div>
   <div class='ocr_carea' id='block_1_3' title="bbox 741 2369 3220 2539">
    <p class='ocr_par' dir='ltr' id='par_1_4' title="bbox 741 2369 3220 2539">
     <span class='ocr_line' id='line_1_18' title="bbox 742 2369 3220 2536; baseline -0 -97"><span class='ocrx_word' id='word_1_153' title='bbox 742 2376 811 2440; x_wconf 90' lang='lat' dir='ltr'><strong>et</strong></span> <span class='ocrx_word' id='word_1_154' title='bbox 848 2375 1080 2536; x_wconf 37' lang='lat' dir='ltr'><strong>regg-salt</strong></span> <span class='ocrx_word' id='word_1_155' title='bbox 1106 2372 1174 2437; x_wconf 90' lang='lat' dir='ltr'><strong>in</strong></span> <span class='ocrx_word' id='word_1_156' title='bbox 1199 2371 1449 2437; x_wconf 88' lang='lat' dir='ltr'><strong>unitate</strong></span> <span class='ocrx_word' id='word_1_157' title='bbox 1478 2371 1757 2456; x_wconf 88' lang='lat' dir='ltr'><strong>Spiritus</strong></span> <span class='ocrx_word' id='word_1_158' title='bbox 1783 2372 1992 2437; x_wconf 86' lang='lat' dir='ltr'><strong>sancti</strong></span> <span class='ocrx_word' id='word_1_159' title='bbox 2018 2369 2234 2437; x_wconf 80' lang='lat' dir='ltr'><strong>Deus⁸</strong></span> <span class='ocrx_word' id='word_1_160' title='bbox 2252 2391 2373 2454; x_wconf 86' lang='lat' dir='ltr'><strong>per</strong></span> <span class='ocrx_word' id='word_1_161' title='bbox 2391 2372 2614 2437; x_wconf 85' lang='lat' dir='ltr'><strong>omnia</strong></span> <span class='ocrx_word' id='word_1_162' title='bbox 2633 2370 2894 2438; x_wconf 85' lang='lat' dir='ltr'><strong>saecula</strong></span> <span class='ocrx_word' id='word_1_163' title='bbox 2919 2370 3220 2438; x_wconf 82' lang='lat' dir='ltr'><strong>saeculo-</strong></span> 
     </span>
     <span class='ocr_line' id='line_1_19' title="bbox 741 2489 1165 2539; baseline -0.005 0"><span class='ocrx_word' id='word_1_164' title='bbox 741 2490 910 2539; x_wconf 87' lang='lat' dir='ltr'><strong>rum.</strong></span> <span class='ocrx_word' id='word_1_165' title='bbox 1063 2489 1165 2537; x_wconf 87' lang='lat' dir='ltr'><strong>en.</strong></span> 
     </span>
    </p>
   </div>
   <div class='ocr_carea' id='block_1_4' title="bbox 736 2635 2492 2775">
    <p class='ocr_par' dir='ltr' id='par_1_5' title="bbox 736 2635 2492 2775">
     <span class='ocr_line' id='line_1_20' title="bbox 736 2635 852 2676; baseline 0 -5"><span class='ocrx_word' id='word_1_166' title='bbox 736 2635 852 2676; x_wconf 78' lang='grc' dir='ltr'><strong>...ι</strong></span> 
     </span>
     <span class='ocr_line' id='line_1_21' title="bbox 817 2636 2492 2775; baseline 0.002 -3"><span class='ocrx_word' id='word_1_167' title='bbox 817 2636 1064 2774; x_wconf 52' lang='grc' dir='ltr'><strong>ίῖηξῑ</strong></span> <span class='ocrx_word' id='word_1_168' title='bbox 1082 2721 1142 2774; x_wconf 83' lang='lat' dir='ltr'><strong>et</strong></span> <span class='ocrx_word' id='word_1_169' title='bbox 1162 2719 1405 2774; x_wconf 71' lang='lat' dir='ltr'><strong>salvator</strong></span> <span class='ocrx_word' id='word_1_170' title='bbox 1424 2719 1640 2774; x_wconf 76' lang='lat' dir='ltr'><strong>add-G.</strong></span> <span class='ocrx_word' id='word_1_171' title='bbox 1659 2746 1727 2758; x_wconf 94' lang='lat'>—</span> <span class='ocrx_word' id='word_1_172' title='bbox 1750 2716 1777 2754; x_wconf 80' lang='lat'><strong>¹</strong></span> <span class='ocrx_word' id='word_1_173' title='bbox 1797 2736 1901 2774; x_wconf 73' lang='lat' dir='ltr'><strong>om.</strong></span> <span class='ocrx_word' id='word_1_174' title='bbox 1923 2718 2073 2774; x_wconf 72' lang='grc'><strong>0.-</strong></span> <span class='ocrx_word' id='word_1_175' title='bbox 2092 2715 2404 2774; x_wconf 73' lang='lat' dir='ltr'><strong>⁸Dominus</strong></span> <span class='ocrx_word' id='word_1_176' title='bbox 2425 2720 2492 2775; x_wconf 79' lang='lat'><strong>0.</strong></span> 
     </span>
    </p>
   </div>
   <div class='ocr_carea' id='block_1_5' title="bbox 1751 2940 2194 2952">
    <p class='ocr_par' dir='ltr' id='par_1_6' title="bbox 1751 2940 2194 2952">
     <span class='ocr_line' id='line_1_22' title="bbox 1751 2940 2194 2952; baseline 0 0"><span class='ocrx_word' id='word_1_177' title='bbox 1751 2940 2194 2952; x_wconf 95' lang='lat' dir='ltr'><strong> </strong></span> 
     </span>
    </p>
   </div>
   <div class='ocr_carea' id='block_1_6' title="bbox 1114 3218 2853 3440">
    <p class='ocr_par' dir='ltr' id='par_1_7' title="bbox 1114 3218 2853 3440">
     <span class='ocr_line' id='line_1_23' title="bbox 1114 3218 2853 3288; baseline 0 -1"><span class='ocrx_word' id='word_1_178' title='bbox 1114 3220 1311 3287; x_wconf 85' lang='lat' dir='ltr'>XXII.</span> <span class='ocrx_word' id='word_1_179' title='bbox 1356 3220 1470 3286; x_wconf 84' lang='lat' dir='ltr'><strong>DE</strong></span> <span class='ocrx_word' id='word_1_180' title='bbox 1510 3219 1579 3287; x_wconf 89' lang='lat' dir='ltr'><strong>S.</strong></span> <span class='ocrx_word' id='word_1_181' title='bbox 1619 3219 1993 3286; x_wconf 84' lang='lat' dir='ltr'><strong>NICOLAO</strong></span> <span class='ocrx_word' id='word_1_182' title='bbox 2032 3218 2406 3287; x_wconf 77' lang='lat' dir='ltr'><strong>MYRENSI</strong></span> <span class='ocrx_word' id='word_1_183' title='bbox 2445 3220 2853 3288; x_wconf 78' lang='lat' dir='ltr'><strong>EPISCOPO</strong></span> 
     </span>
     <span class='ocr_line' id='line_1_24' title="bbox 1579 3363 2378 3440; baseline 0.001 -16"><span class='ocrx_word' id='word_1_184' title='bbox 1579 3369 1660 3425; x_wconf 76' lang='lat' dir='ltr'><strong>Cf.</strong></span> <span class='ocrx_word' id='word_1_185' title='bbox 1693 3384 1876 3439; x_wconf 71' lang='lat' dir='ltr'><strong>snpra,</strong></span> <span class='ocrx_word' id='word_1_186' title='bbox 1907 3385 1961 3439; x_wconf 87' lang='lat' dir='ltr'><strong>p.</strong></span> <span class='ocrx_word' id='word_1_187' title='bbox 1992 3363 2149 3424; x_wconf 77' lang='lat' dir='ltr'><strong>93‘et</strong></span> <span class='ocrx_word' id='word_1_188' title='bbox 2177 3386 2233 3440; x_wconf 87' lang='lat' dir='ltr'><strong>p.</strong></span> <span class='ocrx_word' id='word_1_189' title='bbox 2267 3371 2378 3426; x_wconf 79' lang='lat'><strong>119.</strong></span> 
     </span>
    </p>
   </div>
   <div class='ocr_carea' id='block_1_7' title="bbox 1677 3599 2279 3667">
    <p class='ocr_par' dir='ltr' id='par_1_8' title="bbox 1677 3599 2279 3667">
     <span class='ocr_line' id='line_1_25' title="bbox 1677 3599 2279 3667; baseline -0.002 -1"><span class='ocrx_word' id='word_1_190' title='bbox 1677 3601 1839 3666; x_wconf 79' lang='lat' dir='ltr'><strong>Vru</strong></span> <span class='ocrx_word' id='word_1_191' title='bbox 1880 3599 1951 3666; x_wconf 91' lang='lat' dir='ltr'><strong>S.</strong></span> <span class='ocrx_word' id='word_1_192' title='bbox 1995 3599 2279 3667; x_wconf 74' lang='lat' dir='ltr'><strong>Nicom.</strong></span> 
     </span>
    </p>
   </div>
   <div class='ocr_carea' id='block_1_8' title="bbox 753 3765 3237 4835">
    <p class='ocr_par' dir='ltr' id='par_1_9' title="bbox 753 3765 3237 4835">
     <span class='ocr_line' id='line_1_26' title="bbox 816 3765 3224 3843; baseline 0.003 -23"><span class='ocrx_word' id='word_1_193' title='bbox 816 3766 1003 3822; x_wconf 82' lang='lat' dir='ltr'><strong>Vitam</strong></span> <span class='ocrx_word' id='word_1_194' title='bbox 1036 3765 1184 3822; x_wconf 85' lang='lat' dir='ltr'><strong>hanc</strong></span> <span class='ocrx_word' id='word_1_195' title='bbox 1214 3767 1271 3821; x_wconf 89' lang='lat' dir='ltr'><strong>S.</strong></span> <span class='ocrx_word' id='word_1_196' title='bbox 1304 3767 1529 3833; x_wconf 81' lang='lat' dir='ltr'><strong>Nicolai.</strong></span> <span class='ocrx_word' id='word_1_197' title='bbox 1564 3783 1706 3836; x_wconf 86' lang='lat' dir='ltr'><strong>quae</strong></span> <span class='ocrx_word' id='word_1_198' title='bbox 1742 3767 1800 3821; x_wconf 90' lang='lat' dir='ltr'><strong>in</strong></span> <span class='ocrx_word' id='word_1_199' title='bbox 1821 3767 2169 3836; x_wconf 71' lang='lat' dir='ltr'><strong>Legendariis</strong></span> <span class='ocrx_word' id='word_1_200' title='bbox 2192 3772 2310 3823; x_wconf 85' lang='lat' dir='ltr'><strong>tum</strong></span> <span class='ocrx_word' id='word_1_201' title='bbox 2343 3768 2615 3824; x_wconf 83' lang='lat' dir='ltr'><strong>austriaco</strong></span> <span class='ocrx_word' id='word_1_202' title='bbox 2642 3774 2762 3825; x_wconf 87' lang='lat' dir='ltr'><strong>tum</strong></span> <span class='ocrx_word' id='word_1_203' title='bbox 2796 3768 3224 3843; x_wconf 67' lang='lat' dir='ltr'><strong>windbergmsi</strong></span> 
     </span>
     <span class='ocr_line' id='line_1_27' title="bbox 754 3866 3237 3942; baseline 0.002 -20"><span class='ocrx_word' id='word_1_204' title='bbox 754 3882 981 3942; x_wconf 79' lang='lat' dir='ltr'><strong>prorsus</strong></span> <span class='ocrx_word' id='word_1_205' title='bbox 1003 3866 1197 3921; x_wconf 86' lang='lat' dir='ltr'><strong>eadem</strong></span> <span class='ocrx_word' id='word_1_206' title='bbox 1219 3866 1435 3934; x_wconf 74' lang='lat' dir='ltr'><strong>legitur,</strong></span> <span class='ocrx_word' id='word_1_207' title='bbox 1468 3882 1542 3920; x_wconf 89' lang='lat' dir='ltr'><strong>ne</strong></span> <span class='ocrx_word' id='word_1_208' title='bbox 1563 3866 1833 3934; x_wconf 66' lang='lat' dir='ltr'><strong>integram</strong></span> <span class='ocrx_word' id='word_1_209' title='bbox 1866 3866 2169 3933; x_wconf 80' lang='lat' dir='ltr'><strong>ederemus,</strong></span> <span class='ocrx_word' id='word_1_210' title='bbox 2190 3867 2312 3922; x_wconf 89' lang='lat' dir='ltr'><strong>ideo</strong></span> <span class='ocrx_word' id='word_1_211' title='bbox 2346 3868 2567 3922; x_wconf 84' lang='lat' dir='ltr'><strong>adducti</strong></span> <span class='ocrx_word' id='word_1_212' title='bbox 2588 3885 2797 3936; x_wconf 73' lang='lat' dir='ltr'><strong>sumus,</strong></span> <span class='ocrx_word' id='word_1_213' title='bbox 2819 3871 2970 3940; x_wconf 83' lang='lat' dir='ltr'><strong>quod</strong></span> <span class='ocrx_word' id='word_1_214' title='bbox 2994 3888 3140 3942; x_wconf 75' lang='lat' dir='ltr'><strong>quae</strong></span> <span class='ocrx_word' id='word_1_215' title='bbox 3157 3874 3237 3929; x_wconf 83' lang='lat' dir='ltr'><strong>in·</strong></span> 
     </span>
     <span class='ocr_line' id='line_1_28' title="bbox 753 3965 3226 4041; baseline 0.002 -20"><span class='ocrx_word' id='word_1_216' title='bbox 753 3966 874 4036; x_wconf 79' lang='lat' dir='ltr'><strong>ipsa</strong></span> <span class='ocrx_word' id='word_1_217' title='bbox 906 3970 1212 4031; x_wconf 86' lang='lat' dir='ltr'><strong>narrantur,</strong></span> <span class='ocrx_word' id='word_1_218' title='bbox 1235 3980 1303 4019; x_wconf 82' lang='lat' dir='ltr'><strong>ea</strong></span> <span class='ocrx_word' id='word_1_219' title='bbox 1323 3969 1458 4019; x_wconf 86' lang='lat' dir='ltr'><strong>nota</strong></span> <span class='ocrx_word' id='word_1_220' title='bbox 1475 3969 1606 4020; x_wconf 80' lang='lat' dir='ltr'><strong>sunt.</strong></span> <span class='ocrx_word' id='word_1_221' title='bbox 1620 3969 1788 4035; x_wconf 83' lang='lat' dir='ltr'><strong>atque</strong></span> <span class='ocrx_word' id='word_1_222' title='bbox 1817 3965 1932 4020; x_wconf 79' lang='lat' dir='ltr'><strong>sive</strong></span> <span class='ocrx_word' id='word_1_223' title='bbox 1963 3965 2159 4021; x_wconf 85' lang='lat' dir='ltr'><strong>iisdem</strong></span> <span class='ocrx_word' id='word_1_224' title='bbox 2182 3965 2364 4021; x_wconf 81' lang='lat' dir='ltr'><strong>verbis</strong></span> <span class='ocrx_word' id='word_1_225' title='bbox 2396 3967 2511 4021; x_wconf 79' lang='lat' dir='ltr'><strong>sive</strong></span> <span class='ocrx_word' id='word_1_226' title='bbox 2534 3966 2700 4022; x_wconf 84' lang='lat' dir='ltr'><strong>etiam</strong></span> <span class='ocrx_word' id='word_1_227' title='bbox 2722 3968 2846 4023; x_wconf 80' lang='lat' dir='ltr'><strong>aliis</strong></span> <span class='ocrx_word' id='word_1_228' title='bbox 2866 3969 2926 4024; x_wconf 89' lang='lat' dir='ltr'><strong>in</strong></span> <span class='ocrx_word' id='word_1_229' title='bbox 2946 3971 3226 4041; x_wconf 80' lang='lat' dir='ltr'><strong>antiquio·</strong></span> 
     </span>
     <span class='ocr_line' id='line_1_29' title="bbox 760 4064 3226 4137; baseline 0.002 -16"><span class='ocrx_word' id='word_1_230' title='bbox 760 4065 914 4121; x_wconf 83' lang='lat' dir='ltr'><strong>ribus</strong></span> <span class='ocrx_word' id='word_1_231' title='bbox 952 4064 1105 4119; x_wconf 83' lang='lat' dir='ltr'><strong>Actis</strong></span> <span class='ocrx_word' id='word_1_232' title='bbox 1142 4064 1351 4133; x_wconf 69' lang='lat' dir='ltr'><strong>graecis</strong></span> <span class='ocrx_word' id='word_1_233' title='bbox 1384 4068 1438 4119; x_wconf 90' lang='lat' dir='ltr'><strong>et</strong></span> <span class='ocrx_word' id='word_1_234' title='bbox 1469 4064 1649 4119; x_wconf 82' lang='lat' dir='ltr'><strong>latinis</strong></span> <span class='ocrx_word' id='word_1_235' title='bbox 1672 4064 1804 4120; x_wconf 86' lang='lat' dir='ltr'><strong>alibi</strong></span> <span class='ocrx_word' id='word_1_236' title='bbox 1835 4081 1948 4120; x_wconf 90' lang='lat' dir='ltr'><strong>non</strong></span> <span class='ocrx_word' id='word_1_237' title='bbox 1981 4066 2153 4120; x_wconf 88' lang='lat' dir='ltr'><strong>semel</strong></span> <span class='ocrx_word' id='word_1_238' title='bbox 2185 4065 2326 4135; x_wconf 77' lang='lat' dir='ltr'><strong>typis</strong></span> <span class='ocrx_word' id='word_1_239' title='bbox 2359 4067 2594 4135; x_wconf 78' lang='lat' dir='ltr'><strong>vulgata.</strong></span> <span class='ocrx_word' id='word_1_240' title='bbox 2628 4067 2995 4137; x_wconf 82' lang='lat' dir='ltr'><strong>Conspectum</strong></span> <span class='ocrx_word' id='word_1_241' title='bbox 3029 4075 3226 4126; x_wconf 80' lang='lat' dir='ltr'><strong>tamen</strong></span> 
     </span>
     <span class='ocr_line' id='line_1_30' title="bbox 761 4163 3228 4236; baseline 0.002 -17"><span class='ocrx_word' id='word_1_242' title='bbox 761 4165 1040 4236; x_wconf 82' lang='lat' dir='ltr'><strong>quendam</strong></span> <span class='ocrx_word' id='word_1_243' title='bbox 1062 4164 1231 4220; x_wconf 83' lang='lat' dir='ltr'><strong>totius</strong></span> <span class='ocrx_word' id='word_1_244' title='bbox 1266 4163 1440 4219; x_wconf 85' lang='lat' dir='ltr'><strong>libelli</strong></span> <span class='ocrx_word' id='word_1_245' title='bbox 1460 4165 1565 4219; x_wconf 87' lang='lat' dir='ltr'><strong>suh</strong></span> <span class='ocrx_word' id='word_1_246' title='bbox 1598 4165 1789 4220; x_wconf 82' lang='lat' dir='ltr'><strong>oculos</strong></span> <span class='ocrx_word' id='word_1_247' title='bbox 1810 4165 2081 4234; x_wconf 86' lang='lat' dir='ltr'><strong>ponimus,</strong></span> <span class='ocrx_word' id='word_1_248' title='bbox 2116 4170 2177 4220; x_wconf 82' lang='lat' dir='ltr'><strong>ut</strong></span> <span class='ocrx_word' id='word_1_249' title='bbox 2197 4166 2420 4234; x_wconf 71' lang='lat' dir='ltr'><strong>agnosci</strong></span> <span class='ocrx_word' id='word_1_250' title='bbox 2458 4167 2626 4235; x_wconf 86' lang='lat' dir='ltr'><strong>possit</strong></span> <span class='ocrx_word' id='word_1_251' title='bbox 2647 4171 2760 4222; x_wconf 85' lang='lat' dir='ltr'><strong>tum</strong></span> <span class='ocrx_word' id='word_1_252' title='bbox 2790 4168 2969 4236; x_wconf 85' lang='lat' dir='ltr'><strong>operis</strong></span> <span class='ocrx_word' id='word_1_253' title='bbox 2989 4169 3228 4235; x_wconf 62' lang='lat' dir='ltr'><strong>indolae,</strong></span> 
     </span>
     <span class='ocr_line' id='line_1_31' title="bbox 760 4263 3227 4340; baseline 0.002 -20"><span class='ocrx_word' id='word_1_254' title='bbox 760 4269 882 4320; x_wconf 80' lang='lat' dir='ltr'><strong>tum</strong></span> <span class='ocrx_word' id='word_1_255' title='bbox 903 4281 1045 4335; x_wconf 82' lang='lat' dir='ltr'><strong>quae</strong></span> <span class='ocrx_word' id='word_1_256' title='bbox 1066 4264 1248 4333; x_wconf 78' lang='lat' dir='ltr'><strong>ipsum</strong></span> <span class='ocrx_word' id='word_1_257' title='bbox 1271 4263 1415 4319; x_wconf 86' lang='lat' dir='ltr'><strong>inter</strong></span> <span class='ocrx_word' id='word_1_258' title='bbox 1436 4268 1494 4318; x_wconf 79' lang='lat' dir='ltr'><strong>et</strong></span> <span class='ocrx_word' id='word_1_259' title='bbox 1514 4264 1623 4319; x_wconf 85' lang='lat' dir='ltr'><strong>alia</strong></span> <span class='ocrx_word' id='word_1_260' title='bbox 1643 4264 1841 4319; x_wconf 84' lang='lat' dir='ltr'><strong>similia</strong></span> <span class='ocrx_word' id='word_1_261' title='bbox 1872 4264 2207 4320; x_wconf 86' lang='lat' dir='ltr'><strong>documenta</strong></span> <span class='ocrx_word' id='word_1_262' title='bbox 2227 4265 2455 4320; x_wconf 79' lang='lat' dir='ltr'><strong>interest</strong></span> <span class='ocrx_word' id='word_1_263' title='bbox 2475 4266 2870 4323; x_wconf 81' lang='lat' dir='ltr'><strong>convenientia.</strong></span> <span class='ocrx_word' id='word_1_264' title='bbox 2902 4267 3056 4324; x_wconf 83' lang='lat' dir='ltr'><strong>Inter</strong></span> <span class='ocrx_word' id='word_1_265' title='bbox 3074 4285 3227 4340; x_wconf 68' lang='lat' dir='ltr'><strong>quae</strong></span> 
     </span>
     <span class='ocr_line' id='line_1_32' title="bbox 757 4362 3225 4434; baseline 0.002 -15"><span class='ocrx_word' id='word_1_266' title='bbox 757 4363 1078 4434; x_wconf 82' lang='lat' dir='ltr'><strong>primarium</strong></span> <span class='ocrx_word' id='word_1_267' title='bbox 1117 4367 1264 4417; x_wconf 81' lang='lat' dir='ltr'><strong>certe</strong></span> <span class='ocrx_word' id='word_1_268' title='bbox 1315 4363 1498 4418; x_wconf 86' lang='lat' dir='ltr'><strong>locum</strong></span> <span class='ocrx_word' id='word_1_269' title='bbox 1545 4363 1755 4418; x_wconf 88' lang='lat' dir='ltr'><strong>obtinet</strong></span> <span class='ocrx_word' id='word_1_270' title='bbox 1793 4362 1916 4417; x_wconf 88' lang='lat' dir='ltr'><strong>Vita</strong></span> <span class='ocrx_word' id='word_1_271' title='bbox 1957 4364 2178 4429; x_wconf 86' lang='lat' dir='ltr'><strong>Nicolai,</strong></span> <span class='ocrx_word' id='word_1_272' title='bbox 2216 4380 2383 4433; x_wconf 80' lang='lat' dir='ltr'><strong>quam</strong></span> <span class='ocrx_word' id='word_1_273' title='bbox 2423 4365 2632 4420; x_wconf 83' lang='lat' dir='ltr'><strong>Othloh</strong></span> <span class='ocrx_word' id='word_1_274' title='bbox 2675 4367 2984 4423; x_wconf 82' lang='lat' dir='ltr'><strong>monachus</strong></span> <span class='ocrx_word' id='word_1_275' title='bbox 3034 4369 3225 4425; x_wconf 74' lang='lat' dir='ltr'><strong>Sancti</strong></span> 
     </span>
     <span class='ocr_line' id='line_1_33' title="bbox 762 4463 3224 4539; baseline 0.002 -19"><span class='ocrx_word' id='word_1_276' title='bbox 762 4463 1160 4520; x_wconf 76' lang='lat' dir='ltr'><strong>Emmerammi</strong></span> <span class='ocrx_word' id='word_1_277' title='bbox 1180 4481 1250 4519; x_wconf 66' lang='lat' dir='ltr'><strong><em>a</em></strong></span> <span class='ocrx_word' id='word_1_278' title='bbox 1285 4463 1496 4518; x_wconf 67' lang='lat' dir='ltr'><strong>duobus</strong></span> <span class='ocrx_word' id='word_1_279' title='bbox 1517 4464 1715 4518; x_wconf 71' lang='lat' dir='ltr'><strong>libellis</strong></span> <span class='ocrx_word' id='word_1_280' title='bbox 1736 4466 1957 4532; x_wconf 72' lang='lat' dir='ltr'><strong>colleyit,</strong></span> <span class='ocrx_word' id='word_1_281' title='bbox 1977 4481 2088 4519; x_wconf 75' lang='lat' dir='ltr'><strong>uno</strong></span> <span class='ocrx_word' id='word_1_282' title='bbox 2110 4466 2324 4534; x_wconf 75' lang='lat' dir='ltr'><strong>quidem</strong></span> <span class='ocrx_word' id='word_1_283' title='bbox 2343 4468 2441 4534; x_wconf 76' lang='lat' dir='ltr'><strong>qui</strong></span> <span class='ocrx_word' id='word_1_284' title='bbox 2461 4469 2520 4519; x_wconf 69' lang='lat' dir='ltr'><strong>in</strong></span> <span class='ocrx_word' id='word_1_285' title='bbox 2536 4467 2796 4535; x_wconf 73' lang='lat' dir='ltr'><strong>pluribus</strong></span> <span class='ocrx_word' id='word_1_286' title='bbox 2815 4468 2949 4521; x_wconf 71' lang='lat' dir='ltr'><strong>loeis</strong></span> <span class='ocrx_word' id='word_1_287' title='bbox 2970 4470 3224 4539; x_wconf 63' lang='lat' dir='ltr'><strong>lachem,</strong></span> 
     </span>
     <span class='ocr_line' id='line_1_34' title="bbox 763 4564 3233 4639; baseline 0.004 -22"><span class='ocrx_word' id='word_1_288' title='bbox 763 4565 876 4618; x_wconf 75' lang='lat' dir='ltr'><strong>alio</strong></span> <span class='ocrx_word' id='word_1_289' title='bbox 899 4571 1075 4617; x_wconf 69' lang='lat' dir='ltr'><strong>autem</strong></span> <span class='ocrx_word' id='word_1_290' title='bbox 1100 4564 1169 4618; x_wconf 79' lang='lat' dir='ltr'><strong>ab</strong></span> <span class='ocrx_word' id='word_1_291' title='bbox 1192 4565 1375 4631; x_wconf 66' lang='lat' dir='ltr'><strong>imin</strong></span> <span class='ocrx_word' id='word_1_292' title='bbox 1400 4565 1634 4631; x_wconf 76' lang='lat' dir='ltr'><strong>quodam</strong></span> <span class='ocrx_word' id='word_1_293' title='bbox 1668 4564 2004 4619; x_wconf 61' lang='lat' dir='ltr'><strong>nostratibus</strong></span> <span class='ocrx_word' id='word_1_294' title='bbox 2033 4565 2215 4631; x_wconf 79' lang='lat' dir='ltr'><strong>allato,</strong></span> <span class='ocrx_word' id='word_1_295' title='bbox 2239 4567 2336 4633; x_wconf 71' lang='lat' dir='ltr'><strong>qut·</strong></span> <span class='ocrx_word' id='word_1_296' title='bbox 2356 4566 2485 4620; x_wconf 79' lang='lat' dir='ltr'><strong>haee</strong></span> <span class='ocrx_word' id='word_1_297' title='bbox 2506 4583 2575 4619; x_wconf 63' lang='lat' dir='ltr'><strong>a</strong></span> <span class='ocrx_word' id='word_1_298' title='bbox 2601 4568 2913 4636; x_wconf 70' lang='lat' dir='ltr'><strong>lonm&#39;nqut&#39;s</strong></span> <span class='ocrx_word' id='word_1_299' title='bbox 2933 4572 3233 4639; x_wconf 55' lang='lat' dir='ltr'><strong>continuio-</strong></span> 
     </span>
     <span class='ocr_line' id='line_1_35' title="bbox 764 4663 3232 4732; baseline 0.004 -15"><span class='ocrx_word' id='word_1_300' title='bbox 764 4680 870 4732; x_wconf 66' lang='grc' dir='ltr'><strong>ραι</strong></span> <span class='ocrx_word' id='word_1_301' title='bbox 886 4664 1148 4717; x_wconf 70' lang='lat' dir='ltr'><strong>Graeciae</strong></span> <span class='ocrx_word' id='word_1_302' title='bbox 1167 4664 1479 4731; x_wconf 69' lang='lat' dir='ltr'><strong>reqionibuae</strong></span> <span class='ocrx_word' id='word_1_303' title='bbox 1499 4680 1557 4717; x_wconf 71' lang='lat' dir='ltr'><strong>se</strong></span> <span class='ocrx_word' id='word_1_304' title='bbox 1577 4666 1875 4732; x_wconf 71' lang='lat' dir='ltr'><strong>acquisisse</strong></span> <span class='ocrx_word' id='word_1_305' title='bbox 1902 4666 2043 4718; x_wconf 70' lang='lat' dir='ltr'><strong>dixit</strong></span> <span class='ocrx_word' id='word_1_306' title='bbox 2071 4664 2161 4730; x_wconf 85' lang='lat'>(1).</span> <span class='ocrx_word' id='word_1_307' title='bbox 2190 4663 2342 4719; x_wconf 84' lang='lat' dir='ltr'><strong>Haec</strong></span> <span class='ocrx_word' id='word_1_308' title='bbox 2362 4664 2418 4718; x_wconf 88' lang='lat' dir='ltr'><strong>in</strong></span> <span class='ocrx_word' id='word_1_309' title='bbox 2441 4664 2629 4720; x_wconf 85' lang='lat' dir='ltr'><strong>codice</strong></span> <span class='ocrx_word' id='word_1_310' title='bbox 2647 4665 2778 4720; x_wconf 91' lang='lat' dir='ltr'><strong>olim</strong></span> <span class='ocrx_word' id='word_1_311' title='bbox 2800 4666 2985 4723; x_wconf 85' lang='lat' dir='ltr'><strong>Sancti</strong></span> <span class='ocrx_word' id='word_1_312' title='bbox 3001 4668 3232 4726; x_wconf 50' lang='lat' dir='ltr'><strong>Emmoe</strong></span> 
     </span>
     <span class='ocr_line' id='line_1_36' title="bbox 762 4760 3231 4835; baseline 0.004 -20"><span class='ocrx_word' id='word_1_313' title='bbox 762 4761 982 4826; x_wconf 86' lang='lat' dir='ltr'><strong>rammi,</strong></span> <span class='ocrx_word' id='word_1_314' title='bbox 1016 4760 1128 4815; x_wconf 82' lang='lat' dir='ltr'><strong>iam</strong></span> <span class='ocrx_word' id='word_1_315' title='bbox 1152 4761 1462 4816; x_wconf 78' lang='lat' dir='ltr'><strong>Monacensi</strong></span> <span class='ocrx_word' id='word_1_316' title='bbox 1484 4763 1578 4817; x_wconf 84' lang='lat' dir='ltr'><strong>lat.</strong></span> <span class='ocrx_word' id='word_1_317' title='bbox 1616 4762 1793 4828; x_wconf 74' lang='lat'><strong>14419,</strong></span> <span class='ocrx_word' id='word_1_318' title='bbox 1824 4778 1964 4817; x_wconf 85' lang='lat' dir='ltr'><strong>saec.</strong></span> <span class='ocrx_word' id='word_1_319' title='bbox 1989 4761 2106 4828; x_wconf 81' lang='grc' dir='ltr'><strong>ΧΠ,</strong></span> <span class='ocrx_word' id='word_1_320' title='bbox 2141 4762 2234 4817; x_wconf 76' lang='lat' dir='ltr'><strong>sol.</strong></span> <span class='ocrx_word' id='word_1_321' title='bbox 2270 4763 2461 4829; x_wconf 50' lang='lat' dir='ltr'><strong>2036*st</strong></span> <span class='ocrx_word' id='word_1_322' title='bbox 2484 4764 2554 4818; x_wconf 87' lang='lat' dir='ltr'><strong>ad</strong></span> <span class='ocrx_word' id='word_1_323' title='bbox 2580 4781 2685 4820; x_wconf 87' lang='lat' dir='ltr'><strong>nos</strong></span> <span class='ocrx_word' id='word_1_324' title='bbox 2705 4767 2966 4835; x_wconf 86' lang='lat' dir='ltr'><strong>pervenit.</strong></span> <span class='ocrx_word' id='word_1_325' title='bbox 2990 4768 3231 4827; x_wconf 66' lang='lat' dir='ltr'><strong>Diversa</strong></span> 
     </span>
    </p>
   </div>
   <div class='ocr_carea' id='block_1_9' title="bbox 824 4964 1698 5035">
    <p class='ocr_par' dir='ltr' id='par_1_10' title="bbox 824 4964 1698 5035">
     <span class='ocr_line' id='line_1_37' title="bbox 824 4964 1698 5035; baseline 0.005 -17"><span class='ocrx_word' id='word_1_326' title='bbox 824 4966 896 5035; x_wconf 73' lang='lat' dir='ltr'><strong>(l)</strong></span> <span class='ocrx_word' id='word_1_327' title='bbox 932 4965 1351 5031; x_wconf 69' lang='lat' dir='ltr'><strong>NeueaArdn&#39;v,</strong></span> <span class='ocrx_word' id='word_1_328' title='bbox 1367 4969 1407 5020; x_wconf 81' lang='lat' dir='ltr'><strong>t.</strong></span> <span class='ocrx_word' id='word_1_329' title='bbox 1430 4964 1495 5032; x_wconf 80' lang='lat' dir='ltr'><strong>X,</strong></span> <span class='ocrx_word' id='word_1_330' title='bbox 1512 4981 1567 5035; x_wconf 86' lang='lat' dir='ltr'><strong>p.</strong></span> <span class='ocrx_word' id='word_1_331' title='bbox 1581 4965 1698 5022; x_wconf 69' lang='lat'><strong>408.</strong></span> 
     </span>
    </p>
   </div>
  </div>
 </body>
</html>
