3487 5450
1092 636 1187 688 nx
1236 638 1398 690 con.
1447 638 1806 690 variano
1856 637 2010 713 asts.
2585 621 2593 625 “
2643 621 2782 694 331
2865 676 2874 681 -

309 825 452 911 pati
473 845 605 891 non
626 827 865 910 potest,
896 826 1050 909 quia
1077 846 1281 909 equos
1304 830 1570 893 cunctos
1590 830 1804 893 morte
1825 826 2002 892 feriit
2024 828 2393 894 subitanea.
2417 829 2605 895 Viros
2632 848 2792 896 vero

312 926 691 992 infirmitate
711 925 896 991 varia
914 926 1156 1008 plagat,
1185 927 1279 992 ita
1298 931 1373 992 nt
1394 926 1586 1011 pauci
1613 927 1873 992 liberati
1901 921 2140 993 essent.
2166 928 2415 994 Malitia
2440 948 2597 995 vero
2619 940 2793 1012 'quo-

311 1025 620 1091 rumdam
641 1026 787 1109 igne
815 1025 1148 1090 iracundie
1177 1034 1455 1091 accensa
1482 1026 1914 1092 inflammavit
1942 1027 2308 1107 nonnullos,
2329 1028 2423 1093 ita
2448 1032 2525 1093 ut
2550 1028 2795 1094 violen-

312 1130 417 1213 ter
445 1130 672 1191 contra
713 1125 834 1190 Dei
874 1125 1114 1190 vellent
1156 1125 1372 1191 facere
1412 1130 1667 1191 nutum.
1696 1126 1779 1191 Et
1823 1126 1971 1191 cum
2014 1145 2336 1210 equorum
2375 1128 2793 1194 multitudine

246 1243 281 1292 ο
311 1226 677 1308 ingressum
706 1244 904 1309 super
932 1225 1302 1308 sepulcrum
1332 1226 1540 1291 sancti
1569 1226 1689 1291 viri
1712 1226 2021 1306 facerent,
2047 1226 2217 1309 lapis
2245 1226 2528 1310 sepulcri
2556 1228 2792 1311 frangi·

311 1329 440 1403 tur,
491 1325 605 1390 ubi
650 1325 956 1391 latitabat
1005 1344 1241 1408 corpus
1293 1325 1663 1407 gloriosum.
1713 1324 1796 1391 Et
1844 1345 1992 1390 cum
2042 1325 2488 1409 discopertum
2537 1327 2786 1402 suisset,

310 1425 651 1490 inventum
681 1427 780 1490 est
825 1428 1002 1489 stare
1029 1424 1303 1507 genibus
1346 1424 1553 1504 flexis,
1583 1424 1773 1508 quasi
1805 1425 2162 1490 vindictam
2189 1444 2233 1491 a
2259 1424 2400 1491 Deo
2426 1427 2789 1509 postulans.

310 1524 392 1590 Et
422 1525 514 1589 sic
543 1524 807 1607 contigit
829 1543 1058 1589 omnes
1079 1523 1220 1588 illos
1242 1524 1614 1608 pestilentia
1635 1525 1822 1590 mori.
1854 1523 2028 1605 Quid
2044 1544 2210 1608 erqo,
2238 1525 2541 1609 inquiunt
2559 1525 2792 1609 reliqui

310 1624 548 1689 timore
578 1643 814 1706 magno
844 1623 1193 1706 perterriti,
1222 1624 1534 1704 faciemus
1556 1644 1691 1703 nos,
1718 1629 1791 1687 ut
1817 1644 1945 1700 non
1968 1625 2329 1688 moriamur
2347 1624 2382 1686 ἓ
2407 1624 2798 1690 Denunctia-

211 1739 278 1789 ιο
312 1727 550 1789 verunt
594 1723 903 1788 fratribus
931 1726 997 1787 et
1034 1721 1524 1805 archiepiscopo
1552 1722 1720 1787 illius
1751 1721 2030 1787 civitatis
2051 1723 2375 1802 Messane,
2396 1727 2463 1789 et
2491 1723 2793 1789 ordinato

311 1822 418 1888 die
471 1822 608 1902 eius
658 1821 1120 1898 translationis,
1152 1821 1525 1886 detulerunt
1576 1821 1662 1886 ad
1705 1826 2099 1887 conventum
2144 1840 2389 1887 novum
2431 1822 2602 1909 infra
2648 1822 2801 1887 civi-

309 1925 522 1987 tatem
545 1945 561 1996 ;
618 1921 686 1986 in
743 1921 923 1987 cuius
979 1920 1183 1986 offitio
1244 1921 1507 1986 fuerunt
1546 1925 1820 2004 propter
1862 1921 2154 1987 edictum
2192 1922 2447 2005 regium
2494 1922 2800 1988 undecim

311 2021 601 2105 episcopi
630 2024 696 2085 et
723 2024 859 2085 tres
887 2020 1354 2103 archiepiscopi
1383 2040 1533 2085 cum
1554 2020 1843 2086 maximo
1874 2020 2190 2085 nobilium
2218 2022 2531 2085 comitatu
2561 2023 2675 2105 (1).’

399 2127 516 2185 27.
547 2120 673 2185 IIIis
704 2120 935 2185 diebus
961 2119 1030 2184 in
1057 2120 1253 2184 domo
1284 2118 1572 2202 quadam
1594 2124 2012 2209 convenctuS,
2040 2119 2284 2185 scilicet
2311 2119 2482 2203 logia
2510 2120 2685 2186 dicta
2714 2119 2801 2186 ad

211 2234 278 2284 ⁴5
311 2240 508 2287 nsum
525 2220 965 2298 Ianuensium,
989 2239 1160 2302 quae
1183 2220 1219 2259 *
1242 2218 1625 2284 convenctui
1644 2218 1735 2284 illi
1756 2223 1857 2284 est
1878 2219 2183 2303 contigua
2204 2239 2417 2302 usque
2438 2219 2525 2285 ad
2542 2220 2805 2285 hodier-

312 2339 476 2384 num
516 2318 712 2396 diem,
741 2337 1054 2383 accensus
1096 2322 1197 2383 est
1230 2316 1558 2382 maximus
1590 2316 1775 2400 igniS,
1804 2317 1872 2382 in
1913 2337 2113 2401 quem
2163 2317 2489 2383 ceciderat
2532 2318 2802 2402 quidam

314 2439 482 2503 puer
502 2419 584 2484 de
601 2417 817 2497 dom0‚
838 2416 1155 2482 naturalis
1177 2416 1456 2482 civitatis
1478 2416 1696 2482 Ianue.
1718 2415 1934 2495 Quem
1954 2435 2105 2482 cum
2122 2420 2318 2500 pater
2337 2405 2628 2493 bidisset,
2645 2437 2802 2483 voce

315 2537 558 2603 magna
586 2516 893 2583 clamavit
935 2515 1199 2581 dicens:
1237 2515 1292 2581 Ο
1319 2522 1530 2579 sancte
1570 2514 1842 2597 Alberte,
1874 2514 1998 2580 Dei
2039 2517 2261 2597 amico,
2287 2515 2401 2579 tibi
2441 2511 2800 2581 commendo

304 2637 584 2701 puerum
613 2637 819 2681 meum
847 2615 1275 2694 Antonellum,
1298 2635 1477 2700 quem
1507 2615 1635 2679 tuis
1662 2616 1912 2679 mer-itis
1929 2622 2091 2699 puto
2120 2613 2386 2679 libcrari
2404 2622 2459 2680 ct
2482 2624 2589 2680 tuo
2607 2617 2807 2680 servi-

207 2735 279 2787 20
314 2718 403 2782 tio
433 2716 763 2782 liberatum
788 2715 1034 2800 deputo.
1064 2714 1230 2793 Voto
1251 2713 1454 2792 finito,
1476 2735 1645 2798 puer
1663 2714 1854 2798 quasi
1882 2714 2215 2781 dormiens
2235 2715 2321 2781 de
2339 2716 2800 2806 maxiingne

146 2823 149 2824 ’
314 2818 533 2883 illesus
561 2816 856 2900 prosiliit.
870 2816 973 2881 Ob
1005 2815 1185 2880 cuius
1215 2812 1629 2893 devotionem
1652 2819 1844 2898 pater
1864 2815 2051 2897 pueri
2074 2816 2284 2906 altare
2303 2817 2569 2881 nomine
2588 2817 2801 2896 sancti

312 2917 569 2983 Alberti
610 2916 679 2981 in
721 2919 1046 2980 conventu
1086 2914 1449 2993 fabricavit,
1479 2916 1547 2979 et
1588 2914 1795 2979 filium
1821 2914 2035 2979 ordini
2061 2914 2418 2995 dedicavit,
2445 2903 2804 3009 acde‘eius

313 3016 602 3100 reliquiis
630 3015 699 3080 in
720 3016 994 3080 lanuam
1022 3033 1172 3079 cum
1204 3013 1494 3079 maxima
1522 3013 1870 3078 devotione
1897 3015 2374 3097 transportavit
2400 3015 2519 3098 (2).

398 3123 513 3183 28.
543 3116 737 3180 Anno
766 3114 1026 3180 Domini
1050 3111 1370 3179 M⁰.CCC0.
1401 3113 1495 3196 (3)
1526 3113 1906 3196 predicante
1935 3113 2152 3196 priore
2181 3113 2539 3180 conventus
2585 3114 2799 3180 Leon-

204 3238 278 3289 25
313 3200 451 3294 tini,
474 3211 919 3280 denunctiavit
937 3214 1208 3279 beatum
1228 3212 1574 3278 Albertum
1596 3231 1740 3277 esse
1759 3216 2081 3278 sanctum.
2101 3212 2346 3277 Etcum
2365 3214 2491 3278 hoc
2504 3213 2797 3293 dixisset,
2871 3233 2873 3235 ’

315 3315 586 3399 quidam
627 3314 935 3380 sacerdos
963 3313 1206 3404 invidia
1234 3313 1467 3377 ductus
1496 3308 1628 3377 ait‘:
1661 3309 1979 3392 Mentiris,
2006 3332 2200 3397 noque
2226 3332 2439 3377 verum
2473 3313 2796 3396 predictas,

311 3435 380 3480 oo
402 3415 570 3501 quod
590 3435 717 3478 non
739 3421 827 3478 est
854 3421 1130 3477 sanctus.
1162 3412 1393 3477 Divino
1422 3410 1655 3476 iudicio
1678 3412 1906 3477 statim
1925 3412 2235 3477 intestina
2258 3412 2550 3478 eiusdem
2572 3408 2779 3479 sacer·
2815 3480 2824 3488 ,

312 3515 484 3581 dotis
511 3534 663 3580 cum
691 3513 914 3579 dolore
942 3532 1181 3595 magno
1211 3531 1420 3594 usque
1449 3511 1535 3576 ad
1563 3530 1779 3594 genua
1800 3510 2026 3594 elapsa
2063 3514 2236 3590 sunt,
2280 3530 2504 3577 coram
2544 3513 2796 3579 cunctis

314 3605 769 3688 existentibus.¹
791 3614 1213 3695 Accersitque
1242 3611 1534 3677 medicus
1563 3613 1629 3676 et
1658 3610 1794 3675 ait:
1826 3609 1976 3674 Non
2008 3631 2140 3675 meo
2171 3613 2518 3690 curamine,
2539 3613 2651 3695 sod
2665 3614 2795 3676 viri

200 3728 277 3784 30
314 3715 439 3780 Dei
459 3715 666 3779 sancti
689 3711 932 3777 Alberti
952 3707 1271 3777 iuvamina
1298 3711 1477 3775 crode
1496 3709 1762 3775 liberari
1779 3709 1890 3793 (4).
1914 3708 1994 3774 Et
2015 3709 2121 3775 ille
2141 3729 2366 3775 coram
2387 3711 2609 3777 multis
2630 3731 2793 3778 voce

312 3812 557 3896 ingenti
592 3811 725 3876 ait:
763 3810 818 3876 O
856 3815 1069 3874 sancte
1110 3808 1377 3888 Albam,
1420 3808 1778 3891 fallacitate
1819 3806 2063 3890 affatus
2108 3810 2406 3882 mentitus
2444 3829 2609 3890 sum,
2651 3830 2796 3874 cum

309 3910 641 3975 sanctitati
659 3916 760 3973 tue
778 3907 1230 3993 deroyaverim.
1257 3905 1415 3970 Cum
1439 3926 1584 3991 erqo
1597 3904 2177 3990 blasphemantem,
2202 3905 2542 3970 mcv-imbec
2553 3910 2794 3991 patior.

312 4011 494 4076 Sana
518 4029 616 4073 me
637 4007 1083 4073 medicamento
1101 4006 1352 4086 salutis,
1374 4011 1445 4069 ut
1476 4005 1892 4089 experimento
1912 3998 2309 4069 sanctitatem
2336 4013 2518 4070 tuam
2544 4008 2791 4072 valeam

282 4107 660 4193 predicare.
705 4106 975 4189 Viqz'lias
996 4106 1094 4170 tui
1116 4105 1507 4170 sanctissimi
1528 4105 1841 4168 transitus
1868 4103 2197 4168 observabo
2223 4105 2480 4187 ieiunio,
2503 4113 2560 4170 ct
2588 4108 2794 4190 ipsius

185 4225 278 4278 33
312 4205 487 4271 diem,
518 4212 815 4291 perpetuo
855 4201 1277 4285 sanctificabo.
1324 4201 1641 4285 Sequenti
1669 4201 1775 4266 die
1815 4221 1964 4266 cum
1993 4221 2303 4267 auroram
2331 4203 2541 4284 daret,
2586 4205 2793 4270 sensit

313 4305 491 4391 quod
538 4306 640 4370 vir
688 4305 809 4370 Dei
854 4304 1163 4369 Albertus
1214 4321 1449 4385 corpus
1490 4301 1628 4367 eius
1669 4301 2039 4384 punsisset,
2022 4325 2038 4339 ·
2083 4302 2197 4384 qui
2233 4304 2327 4385 (5)
2356 4304 2660 4369 continuo
2708 4304 2794 4369 de

309 4405 479 4472 lecto
508 4403 811 4481 surrexit,
833 4422 912 4468 ac
932 4402 988 4467 si
1008 4401 1254 4467 nullam
1277 4420 1513 4484 passus
1536 4399 1766 4465 fuisset
1783 4399 2252 4466 infirmitatem.
2273 4401 2379 4466 Ad
2399 4405 2796 4468 conventum

311 4504 694 4590 properavit
714 4506 781 4568 et
801 4521 1023 4568 coram
1043 4501 1346 4566 omnibus
1369 4498 1650 4583 gratiam
1674 4503 1740 4565 et
1761 4499 2116 4564 sanitatem
2135 4500 2506 4580 ostendens,
2529 4505 2596 4566 et
2618 4500 2797 4586 quod

310 4604 633 4690 promisit,
661 4602 1107 4668 indubitanter
1133 4599 1535 4665 observavit.

375 4765 452 4833 (1)
486 4762 640 4817 Haec
676 4759 844 4815 modo
883 4763 972 4813 sat
1001 4757 1217 4812 diverso
1253 4761 1515 4811 enarrant
1549 4760 1600 4820 3,
1621 4762 1671 4819 4,
1698 4761 1761 4823 5,·
1781 4756 1956 4810 codex
1981 4762 2166 4811 antem
2189 4757 2359 4811 vatic.
2383 4761 2528 4811 tacet
2547 4757 2801 4812 distribu-

314 4852 398 4902 tas
419 4863 540 4901 esse
575 4842 830 4913 reliquias
852 4842 993 4897 inter
1016 4840 1263 4895 civitates
1286 4839 1603 4894 Messanam
1633 4843 1686 4892 et
1702 4837 2123 4906 Drepanumoe-
2148 4839 2222 4909 (2)
2241 4840 2446 4894 lterum
2467 4856 2496 4894 a
2523 4841 2645 4894 cod.
2674 4840 2797 4895 Vat.

311 4931 624 4998 discrepant
644 4932 695 4993 3,
720 4931 772 4993 4,
794 4930 858 4993 5,·
878 4924 962 4987 (ob
984 4928 1183 4978 cuius·
1199 4924 1617 4992 transportavit)
1637 4937 1749 4975 om.
1755 4922 1904 5019 -(3)
1925 4922 2293 4977 MCCCVIII
2314 4927 2381 4988 3,·
2400 4927 2577 4988 om.2,
2593 4926 2644 4987 4,
2667 4927 2716 4976 5.
2729 4951 2796 4961 -

310 5005 1227 5079 (4)Laoroem1(p.475‚.-n.4)
1250 5007 1539 5073 (5)Qu01.

2948 2225 3149 2283 ⁰124.
