3487 5450
1058 544 1502 597 Leosnmmo
1553 544 1970 599 AusTmACO.
2197 542 2200 543 *
2647 526 2744 600 29

279 754 511 799 marius
565 754 724 800 saec.
774 732 853 799 X
864 733 925 798 V
970 734 1229 799 eandem
1280 735 1576 801 ultimam
1615 743 1868 821 partem
1927 737 2261 803 Passionis
2315 738 2620 804 Faustini
2685 747 2738 804 et

285 834 543 900 Invitae.
1602 880 1607 883 -

358 935 484 998 ιω
513 966 591 986 -=-
622 933 811 997 codex
859 935 1150 1017 siqnatus
1196 936 1301 1016 59,
1350 935 1500 999 olim
1548 935 1737 1001 Vitae
1787 940 2163 1002 sanctormn
2213 938 2456 1003 memb.
2505 939 2742 1020 110192,

275 1040 634 1117 compactus
653 1035 841 1096 etia-m
873 1053 980 1096 an.
1006 1034 1186 1113 1647,
1210 1035 1477 1098 continet
1504 1034 1813 1119 reliquum
1833 1034 2233 1116 februarium
2262 1044 2316 1100 et
2345 1044 2541 1101 totum
2564 1059 2743 1103 mar-

274 1133 453 1197 tium.
486 1132 746 1197 Constat
775 1132 954 1214 foliis
983 1132 1110 1196 113
1134 1133 1388 1217 (0¹⁰,420
1430 1150 1481 1200 ><
1517 1134 1793 1217 0⁰·‚300).
1823 1133 2296 1199 Kalendarium
2329 1137 2573 1201 saeculo
2600 1135 2747 1201 XV

273 1232 652 1316 descriptum
681 1239 769 1296 est
784 1231 898 1314 fol.
924 1234 1014 1295 1υ.

355 1331 580 1394 L⁸⁰==
610 1331 803 1395 codex
850 1324 1142 1412 siqnatus
1191 1332 1291 1413 60,
1333 1332 1484 1395 olim
1537 1331 1724 1420 Vitae
1767 1331 2157 1398 Sanctorum
2186 1334 2466 1399 membr.
2493 1347 2565 1398 n⁰
2595 1334 2740 1400 244.

273 1428 438 1495 Pars
466 1430 568 1509 111,
597 1450 722 1493 non
774 1429 983 1494 eodem
1028 1429 1210 1493 modo
1253 1437 1631 1515 compactus,
1681 1451 1801 1516 quo
1851 1431 2086 1495 codices
2124 1432 2209 1495 58
2244 1440 2299 1496 et
2341 1434 2444 1514 59,
2474 1435 2740 1498 continet

268 1549 505 1593 menses
543 1527 791 1609 iulium,
832 1535 1192 1614 auqustum,
1234 1530 1648 1612 septembrem.
1699 1528 1960 1594 Constat
1987 1530 2167 1612 foliis
2204 1532 2332 1595 279
2375 1533 2628 1615 (0¹34ae
2669 1548 2720 1598 ><

268 1628 499 1712 0,290),
539 1635 796 1711 praeter
835 1628 961 1692 duo
1008 1627 1173 1709 folia
1216 1630 1468 1692 niinora
1519 1629 1849 1711 (0⁸⁸,220x
1877 1629 2089 1711 0,150)
2135 1630 2430 1716 nulloque
2473 1651 2733 1695 numero

266 1732 508 1805 notata,
529 1727 599 1790 in
623 1726 844 1811 quibus
872 1725 1088 1790 eadem
1119 1747 1336 1808 manu,
1363 1747 1522 1812 quae
1537 1734 1732 1790 totum
1762 1726 2029 1792 codicem
2057 1732 2368 1813 exaravit,
2389 1729 2737 1814 descriptus

264 1831 356 1888 est
376 1825 567 1889 index
610 1824 924 1906 Vitarum,
953 1826 1202 1910 quaein
1228 1826 1366 1909 ipso
1393 1826 1806 1892 continentur.

966 2136 1101 2194 111.
1143 2135 1530 2206 Exemplar
1570 2136 2028 2195 zwettlense.

344 2323 651 2390 Servatur
698 2325 766 2388 in
808 2323 1170 2389 Claravalle
1210 2325 1515 2388 Austriae
1574 2325 1782 2410 (culqo
1830 2324 2079 2404 Zwettl,
2129 2327 2193 2390 in
2235 2327 2506 2391 Austria
2557 2328 2719 2407 infe-

259 2425 475 2507 riore),
492 2444 653 2509 quae
664 2425 852 2487 etiam
869 2422 1011 2505 filia
1033 2430 1122 2488 est
1140 2423 1408 2488 Sanctae
1430 2423 1672 2489 Crucis.
1684 2424 1946 2489 Constat
1966 2425 2385 2489 voluminibus
2401 2434 2720 2511 quattuor,
2767 2482 2774 2488 .

261 2521 514 2605 formae
542 2542 826 2607 maqnae,
855 2543 1009 2607 quae
1032 2523 1286 2607 paqinis
1316 2521 1634 2607 bipartitis
1655 2530 1925 2587 exarata
1956 2531 2102 2587 sunt
2123 2544 2280 2589 saec.
2312 2522 2467 2589 XII
2493 2532 2654 2591 extr.
2673 2534 2731 2591 et

263 2620 467 2687 XIII
494 2624 602 2704 in.,
630 2630 817 2707 atque
853 2621 1069 2685 multis
1110 2620 1336 2685 litteris
1372 2623 1618 2685 ornatis
1650 2622 1959 2707 pict-isque
1995 2623 2221 2707 fiquris
2269 2626 2505 2708 eqreqie
2554 2625 2729 2690 deco-

263 2728 420 2787 rata
448 2722 561 2807 (1).
592 2719 806 2807 Neque
831 2720 1143 2803 inteqrum
1174 2727 1261 2785 est
1288 2719 1401 2786 hoc
1428 2719 1816 2805 Leqendarii
1855 2720 2192 2806 exemplar,
2221 2744 2363 2786 cum
2393 2722 2551 2788 desit
2592 2725 2725 2789 iam

262 2822 544 2886 volumen
603 2821 893 2902 tertium,
938 2822 1008 2884 in
1077 2841 1197 2905 quo
1267 2820 1740 2884 continebantur
1809 2841 2044 2885 menses
2113 2821 2329 2904 iulius,
2399 2830 2726 2908 anqustus,

261 2919 613 3005 september.

362 3018 525 3084 Olim
555 3018 804 3104 quidem
834 3017 1102 3082 codicem
1132 3037 1348 3099 unum,
1377 3038 1591 3101 nempe
1611 3018 1714 3099 14,
1731 3025 1973 3102 petente
2013 3020 2177 3082 socio
2208 3019 2314 3083 illo
2345 3026 2575 3101 nostro,
2618 3023 2728 3106 qui

258 3120 429 3184 Acta
468 3118 536 3182 S.
602 3116 966 3201 Wols‘kanqi
989 3117 1170 3200 prelo
1197 3117 1497 3201 parabat,
1546 3116 1669 3180 huc
1706 3137 1833 3201 pro
1875 3137 2185 3201 propenso
2221 3137 2335 3181 suo
2383 3120 2454 3181 in
2508 3119 2725 3184 studia

256 3223 480 3281 nostra
532 3219 749 3280 animo
798 3218 1057 3280 miserat
1107 3215 1159 3280 b.
1204 3237 1286 3279 m.
1332 3215 1478 3280 Rev.
1520 3216 1594 3280 P.
1638 3216 1850 3280 Iulius
1903 3214 2194 3298 Zelenka,
2230 3216 2727 3283 bibliothecarius

260 3315 666 3380 Zicettlensis.
704 3315 934 3379 Verum
986 3336 1127 3378 cum
1157 3314 1270 3378 leoc
1311 3321 1579 3400 tempore
1607 3315 1683 3379 de
1709 3315 2132 3379 examinando
2162 3322 2288 3379 toto
2330 3314 2726 3401 Leyendario

256 3418 580 3480 austriaco
632 3413 910 3478 nondum
956 3416 1388 3499 coqitaremus,
1432 3435 1473 3477 a
1518 3413 1723 3478 codice
1755 3415 1860 3478 illo
1895 3418 2154 3499 penitus
2203 3416 2562 3481 excutiendo
2609 3437 2724 3482 nos

252 3513 693 3594 abstinuimus,
714 3516 989 3598 satisque
1027 3512 1362 3576 habuimus
1412 3513 1725 3598 quaedam
1763 3533 1884 3596 pro
1929 3534 2097 3578 more
2135 3516 2293 3578 inter
2346 3515 2719 3580 adversaria

259 3621 481 3678 nostra
538 3613 615 3677 de
685 3612 838 3677 Vitis
884 3615 951 3676 in
998 3632 1064 3676 eo
1115 3607 1411 3676 contentis
1447 3612 1708 3676 bret-iter
1749 3612 2088 3693 adnotare,·
2123 3612 2489 3677 Passionem
2529 3618 2719 3679 etiam

254 3714 323 3778 S.
355 3713 656 3790 Iustinae,
685 3733 842 3797 quae
869 3713 937 3775 in
968 3711 1175 3776 eodem
1218 3712 1463 3796 quitur,
1495 3713 1561 3775 in
1603 3711 1934 3776 Analectis
1978 3715 2211 3776 nostris
2254 3712 2569 3777 edidimus
2601 3715 2714 3798 (Ξ).

268 3811 388 3877 Ubi
412 3832 553 3876 vero
575 3810 929 3890 consilium,
960 3810 1125 3895 quod
1156 3831 1323 3874 nunc
1361 3812 1778 3894 exsequimur,
1807 3800 1937 3874 iani
1983 3831 2364 3894 ceperamus,
2397 3811 2721 3877 Zwettlen-

249 3932 346 3976 ses
375 3913 601 3975 iterum
641 3910 863 3974 litteris
911 3909 1244 3988 adivimus,
1293 3916 1614 3992 sperantes
1645 3908 1786 3973 illos
1834 3908 2067 3989 eadem,
2098 3930 2221 3993 qua
2247 3912 2456 3994 prius,
2495 3911 2721 3976 libera-

248 4011 423 4075 litate
450 4008 768 4074 laboribus
797 4009 1031 4073 nostris
1071 4008 1432 4089 adfuturos.
1463 4007 1606 4072 Hac
1634 4014 1843 4072 autem
1886 4028 1993 4091 spe
2019 4008 2233 4072 deiecti
2260 4029 2498 4089 sumus,
2530 4031 2719 4096 neque

246 4111 397 4174 ullis
412 4108 706 4194 precibus
729 4113 1066 4191 impetrare
1082 4109 1408 4191 potuimus
1440 4114 1504 4170 ut
1529 4109 1592 4170 in
1617 4109 1839 4187 nostri,
1876 4108 2066 4171 immo
2112 4110 2176 4169 e'n
2207 4107 2563 4172 litterarum
2592 4112 2718 4174 rei-

231 4209 526 4294 publicae
570 4210 872 4291 qratiam,
904 4208 1127 4270 iterum
1172 4208 1482 4270 levaretur
1523 4207 1638 4285 lex,
1670 4227 1796 4291 qua
1847 4205 2082 4269 codices
2115 4205 2505 4271 Zwettlenses
2532 4216 2712 4273 extra

241 4310 699 4373 monasterium
732 4307 893 4368 mitti
938 4312 1224 4369 vetantur
1254 4305 1370 4386 (3).
1413 4304 1589 4369 Unde
1615 4306 1815 4368 coacti
1841 4324 2060 4367 sumus
2104 4325 2175 4366 ea
2205 4306 2596 4370 solummodo
2638 4306 2714 4370 de

239 4407 556 4471 codicibus
585 4405 711 4468 illis
735 4403 913 4485 infra
933 4403 1239 4487 proferre,
1264 4423 1424 4488 qnae
1447 4423 1658 4486 pauca
1683 4404 1776 4467 vel
1805 4404 1871 4466 in
1904 4402 2126 4467 Xeniis
2155 4402 2592 4484 Bernardini3‚
2621 4406 2714 4470 vel

232 4508 305 4571 in
358 4505 646 4571 Archivo
696 4502 935 4566 Pertzii
989 4503 1398 4586 repperimus,
1452 4502 1538 4565 vel
1595 4503 1786 4565 etiam
1824 4503 2023 4585 paulo
2074 4503 2392 4585 ampliora
2448 4503 2523 4566 cle
2581 4524 2709 4569 uno

232 4605 445 4670 codice
466 4604 546 4667 14
570 4609 876 4666 annotata
898 4600 1294 4665 habebam-us.
1343 4601 1546 4665 Grato
1584 4600 1831 4684 quidem
1857 4602 2073 4664 animo
2093 4601 2469 4684 profitemur
2499 4603 2706 4666 virum

297 4821 373 4884 (1)
411 4818 491 4872 De
513 4815 604 4871 his
628 4816 735 4870 vid.
773 4817 948 4869 Xenia
982 4815 1357 4879 Bernardina,
1392 4818 1431 4868 t.
1453 4830 1517 4879 c„
1540 4829 1630 4883 pp.
1663 4814 1817 4869 3OE-8
1849 4819 1906 4867 et
1938 4814 2136 4868 311-12.
2159 4845 2224 4854 —
2249 4815 2322 4881 (2)
2348 4817 2512 4871 Anal.
2547 4817 2706 4881 Bou..

233 4907 277 4957 t.
296 4900 365 4967 X,
388 4917 441 4969 p.
461 4899 670 4954 468-70.
690 4926 758 4937 —
778 4898 851 4965 (3)
870 4896 949 4952 Cf.
972 4896 1036 4950 K.
1057 4895 1335 4959 Tnfinum,
1360 4895 1631 4961 Minerva,
1649 4900 1687 4949 t.
1711 4894 1786 4948 VI
1809 4894 2079 4962 (1896-97),
2101 4911 2153 4963 p.
2174 4896 2291 4950 943.
