3487 5450
1282 620 1633 672 APPENDIX
1681 620 1778 672 w.
2624 601 2761 674 133

298 807 483 876 est(l),
505 807 565 863 in
589 809 1038 878 martyrologium
1062 808 1349 863 metricum
1373 809 1748 865 wandelberti
1782 810 2114 866 Prumiensis
2135 812 2224 880 (2),
2252 811 2345 867 nbi
2376 812 2545 867 etiam
2572 817 2764 881 postea

298 913 379 961 est
406 908 669 973 additum,
699 909 935 978 denique
967 908 1024 963 in
1059 908 1230 963 multa
1263 909 1386 973 alia,
1426 914 1488 964 ut
1527 910 1582 963 in
1618 909 1834 963 codices
1867 909 2222 977 interpolatos
2246 910 2431 975 Bedae
2454 915 2511 965 et
2532 916 2760 977 ceteros,

296 1024 531 1076 quorum
555 1009 865 1063 testimonia
881 1008 1071 1064 sedulo
1090 1009 1309 1076 collegit
1332 1009 1711 1065 Henschenius
1734 1014 1921 1064 noster
1944 1011 2038 1075 (3).

359 1107 410 1162 Is
427 1123 559 1162 vero
579 1113 794 1176 praeter
815 1125 883 1163 ea
923 1108 1058 1163 nihil
1092 1108 1300 1172 habuit.
1323 1108 1472 1178 quod
1511 1109 1582 1162 de
1623 1108 1677 1161 S.
1713 1107 1943 1163 Valente
1982 1110 2276 1175 proteri-eh
2320 1124 2499 1178 neque
2538 1109 2764 1164 ditiores

297 1223 503 1271 sumus,
525 1208 692 1262 etiam
715 1213 1007 1278 postquam
1031 1207 1351 1263 Passionem
1380 1209 1529 1263 nacti
1547 1224 1759 1272 sumus,
1795 1223 1963 1277 quam
1986 1207 2343 1263 Wolfbardus
2365 1208 2424 1263 in
2440 1209 2763 1277 martyrolo-

297 1307 441 1374 gium
462 1323 629 1361 suum
660 1308 879 1377 recepit.
898 1308 1049 1362 Haec
1072 1308 1220 1362 euim
1259 1308 1545 1362 manifeste
1568 1313 1655 1362 est
1690 1307 1961 1362 fabulosa.
1980 1307 2117 1362 Cum
2155 1323 2356 1376 nempe
2386 1308 2530 1363 illius
2568 1313 2765 1363 auctor

298 1405 361 1459 de
377 1405 436 1461 S.
459 1405 689 1461 Valente
729 1407 862 1461 nihil
885 1406 1065 1470 sciret,
1100 1406 1156 1460 in
1189 1397 1346 1462 illum
1384 1407 1658 1461 transtulit
1703 1411 1881 1461 totam
1920 1405 2207 1460 historiam
2248 1406 2486 1474 Babylae
2524 1406 2765 1476 episcopi

298 1505 627 1560 Antiocheui
649 1507 738 1572 (4),
760 1506 916 1561 cuius
939 1507 1027 1561 vel
1049 1506 1168 1575 ipsa
1191 1508 1360 1561 verba
1383 1523 1494 1561 non
1509 1522 1636 1560 raro
1657 1506 1716 1561 in
1734 1509 1891 1561 textu
1909 1506 2159 1560 subiecto
2181 1521 2468 1574 agnosces.

363 1604 522 1659 Unde
567 1610 749 1660 autem
779 1610 965 1660 motus
1003 1607 1092 1661 ille
1131 1611 1229 1671 est,
1278 1611 1341 1661 ut
1367 1622 1466 1674 pro
1509 1606 1713 1674 Babyla
1761 1622 1891 1661 cum
1921 1605 2095 1659 trihus
2134 1605 2318 1673 pueris
2347 1622 2509 1674 passo
2535 1605 2763 1676 fingeret

301 1703 579 1758 Valentem
606 1720 734 1758 cum
755 1705 973 1760 duobus
988 1706 1170 1774 pueris
1205 1706 1463 1773 martyrio
1500 1710 1842 1768 coronatum,
1871 1721 1943 1759 ne
1967 1703 2286 1759 coniciendo
2302 1705 2528 1774 quidem
2544 1705 2765 1774 assequi

301 1804 472 1858 valeo.
496 1803 673 1858 Credo
692 1808 881 1858 tamen
903 1804 1137 1869 interim,
1154 1821 1296 1874 quae
1314 1804 1371 1859 in
1388 1805 1661 1860 codicibus
1680 1805 1863 1859 Bedae
1884 1805 2223 1872 interpolatis
2241 1810 2298 1860 et
2312 1806 2370 1859 in
2382 1805 2764 1860 recentissimis

303 1903 697 1970 martyrologiis
713 1904 966 1971 leguntur
982 1924 995 1958 ε
1014 1905 1069 1958 S.
1085 1905 1330 1959 Valentis
1346 1909 1610 1974 martyris
1627 1914 1675 1959 et
1685 1907 1963 1972 pontilicis
1978 1923 2101 1958 eum
2116 1907 2297 1959 tribus
2312 1908 2520 1973 pueris,
2545 1905 2633 1959 vel
2656 1904 2766 1959 alia

305 2003 581 2067 eiusmodi,
606 2019 673 2057 ea
695 2019 764 2057 ex
789 2003 1048 2058 passione
1071 2003 1314 2058 Valentis
1337 2004 1586 2058 derivata
1597 2020 1733 2069 esse,
1757 2021 1871 2058 non
1897 2021 2026 2059 vero
2044 2020 2114 2059 ex
2136 2004 2460 2058 huiusmodi
2481 2003 2765 2059 annuntia·

305 2103 537 2156 tionibus
568 2102 914 2157 occasionem
951 2102 1225 2171 accepisse
1270 2103 1544 2158 Passionis
1576 2109 1878 2168 auctorem,
1915 2108 1978 2158 ut
2009 2103 2301 2171 legendam
2336 2119 2495 2157 suam
2526 2103 2766 2158 conscri-

306 2201 470 2256 beret.

424 2423 722 2486 Passlo²
763 2426 1093 2487 Valentis
1134 2427 1445 2499 episcopi
1486 2422 1599 2488 et²
1639 2422 2037 2499 martyr-18²
2077 2427 2205 2487 xli.
2244 2430 2397 2486 kal.
2446 2426 2643 2487 lunii.

375 2603 424 2667 ‘1
437 2651 454 2666 .
498 2603 828 2686 Tempore
850 2604 1224 2670 Numeriani
1253 2605 1666 2688 imperatoris
1687 2605 1922 2670 beatus
1943 2605 2182 2669 Valens
2209 2604 2554 2688 episcopus
2576 2624 2727 2670 cum
2746 2605 2771 2644 ¹

311 2700 558 2769 duobus
599 2705 823 2787 pueris
850 2703 1176 2770 invenitur
1203 2704 1461 2788 capitali
1491 2704 1853 2770 sententia²
1882 2704 2197 2788 martyrio
2242 2708 2610 2776 coronatus.
2641 2703 2769 2783 Qui

309 2804 573 2869 audiens
616 2808 968 2887 tyrannum
1009 2809 1160 2887 post
1210 2804 1725 2869 immolationem
1764 2804 2085 2869 idolorum
2128 2803 2467 2869 ecclesiam
2509 2801 2770 2870 Domini

243 2919 274 2969 ⁸
307 2901 463 2968 velle
510 2904 776 2982 intrare,
798 2903 892 2969 ait
919 2903 1006 2968 ad
1032 2904 1348 2986 populum
1378 2927 1394 2968 :
1440 2903 1660 2968 Fortes
1687 2909 1887 2985 estote,
1912 2902 2058 2986 filii,
2089 2910 2145 2967 et
2170 2909 2511 2987 aspa-tate
2523 2925 2552 2983 ;
2578 2904 2770 2987 lupus

305 3003 464 3065 enim
491 3003 768 3087 rapidus
787 3009 932 3086 post
960 3002 1356 3067 immolatio-ii
1376 3002 1675 3086 foetorem
1698 3003 1948 3067 cruoris
1976 3001 2229 3066 doenum
2263 3002 2531 3067 Domini
2554 3004 2768 3085 pollu-

306 3110 406 3165 tus
419 3102 661 3186 ingredi
683 3104 1013 3183 nititur,ut
1034 3109 1249 3166 sancta
1268 3101 1530 3186 pestifer
1548 3103 1779 3166 violari
1786 3103 2097 3166 ⁸conetur.
2110 3101 2557 3168 oboedientes·
2572 3103 2768 3185 igitur

305 3200 417 3266 filii
453 3203 658 3285 patris
700 3202 880 3268 νοοῖ*
909 3205 1260 3284 tyrannum
1303 3206 1768 3285 exspectavere
1810 3202 2199 3276 venientem,
2229 3202 2771 3285 praemittentes⁵

304 3304 457 3365 ante
483 3301 750 3366 ianuam
776 3305 1058 3384 patrem.
1093 3300 1527 3365 Numerianus
1570 3304 1795 3366 autem
1838 3320 1988 3366 cum
2031 3299 2324 3365 audisset
2345 3300 2595 3366 obstari
2637 3301 2697 3365 ei
2727 3320 2770 3366 a

212 3412 268 3461 ⁴0
301 3397 595 3465 fidelibus
638 3399 912 3478 aditum,
954 3400 1321 3465 introeundi
1351 3401 1603 3483 appetit
1630 3401 1907 3466 nisum⁶.
1950 3400 2194 3465 Verum
2223 3393 2536 3511 ponti-feX,
2568 3419 2768 3483 quem

300 3517 425 3563 nec
446 3504 648 3564 terror
669 3500 998 3583 principiS,
1019 3518 1141 3564 nec
1162 3499 1611 3564 blandimenta
1638 3499 2060 3577 seduxerant,
2086 3499 2416 3564 intrandi
2400 3519 2466 3563 1n
2496 3499 2767 3564 domum

301 3595 555 3663 Domini
596 3600 986 3664 auctoritate
1026 3598 1341 3681 pastorali
1369 3599 1394 3635 ⁷
1447 3598 1777 3663 licentiam
1831 3598 2079 3664 habere
2135 3579 2485 3681 probibuit,
2535 3602 2602 3663 et
2643 3615 2767 3681 pro

301 3697 528 3762 ovibus
555 3718 627 3764 se
656 3701 874 3782 ipsum
903 3698 1088 3810 quasi
1116 3717 1378 3762 murum
1407 3698 1660 3763 obiecit.
1690 3697 1978 3781 Stupens
2003 3717 2157 3780 ergo
2185 3698 2544 3781 imperator
2566 3698 2769 3763 adve-

300 3795 486 3861 niens
512 3798 576 3861 in
605 3797 844 3862 fiducia
869 3797 991 3861 viri
1034 3800 1411 3862 constanter
1437 3796 1559 3861 sibi
1602 3797 1906 3880 oppositi,
1938 3797 2115 3861 canis
2159 3797 2511 3875 mortuus⁸,
2552 3795 2765 3862 modi-

207 3915 265 3963 ⁴5
298 3912 451 3960 cum
488 3916 617 3962 non
661 3900 935 3979 propter
962 3895 1173 3960 Deum
1200 3896 1317 3961 sed
1346 3900 1618 3979 propter
1644 3916 1799 3961 suos
1828 3896 2235 3973 erubescenS,
2265 3897 2467 3960 tacuit
2496 3895 2763 3978 quidem

297 3992 562 4060 dolosae
600 3996 840 4061 mentis
869 3995 1173 4072 versutia,
1203 3995 1567 4060 audiendus
1586 3997 1614 4034 ⁹
1642 4014 1793 4060 eum
1815 4013 1936 4079 per
1957 4014 2029 4060 se
2057 3994 2162 4059 die
2192 3999 2516 4073 secutura,
2559 4014 2762 4078 quem

295 4093 702 4160 abstruserat
752 4096 820 4159 in
869 4095 1139 4159 vinculis
1188 4095 1467 4160 carceris
1511 4114 1645 4160 nox
1688 4098 1922 4159 taetra.
1980 4093 2192 4172 Quem
2233 4094 2328 4159 ita
2387 4095 2764 4177 aggreditur

291 4198 826 4274 praesentatum:
854 4194 1071 4272 Miser,
1100 4194 1328 4277 inquit,
1371 4193 1574 4274 homa,
1601 4192 1757 4278 quid
1775 4213 1941 4276 prae
1967 4191 2167 4257 oculis
2192 4192 2487 4270 habuisti,
2518 4193 2763 4258 audens
2853 4282 2856 4285 ἡ

292 4310 616 4356 occurrere
647 4293 1000 4378 intrepidus
1040 4294 1489 4377 imperatoriae
1511 4294 1828 4357 maiestati
1852 4300 1909 4356 et
1918 4287 2247 4376 prohibere
2273 4295 2489 4358 secreti
2499 4293 2552 4332 ¹⁰
2579 4292 2762 4358 adita

359 4474 593 4528 Nullum
612 4477 805 4530 lemm
826 4479 888 4541 in
921 4476 1118 4541 Wolfh.
1140 4505 1207 4516 -
1241 4476 1262 4510 ²
1283 4475 1455 4530 sancti
1478 4475 1607 4529 aad.
1628 4476 1680 4528 A
1696 4494 1719 4540 ,·
1746 4474 1921 4530 sancti
1967 4476 2047 4527 W.
2080 4501 2132 4511 -
2159 4474 2183 4508 ¹
2204 4492 2313 4529 om.
2338 4476 2409 4529 A.

361 4560 419 4610 1.
457 4584 521 4596 —
541 4559 562 4592 ¹
582 4558 714 4613 dum
741 4562 808 4613 A.
826 4589 891 4600 -
914 4559 939 4592 ²
955 4576 1056 4613 om.
1080 4558 1306 4612 ERV.
1331 4588 1395 4598 —
1417 4559 1442 4592 ⁸
1467 4557 1672 4612 violare
1720 4560 1801 4613 W.
1822 4585 1891 4597 —
1925 4558 1949 4592 ⁴
1983 4573 2179 4611 vocem
2215 4559 2412 4625 Wolfh.
2440 4567 2578 4626 post.
2600 4575 2764 4624 corr„

288 4641 442 4695 ΔΕ
457 4641 516 4694 V.
539 4668 598 4680 —
615 4641 639 4676 ⁶
654 4641 1117 4711 pretermittentes
1139 4645 1203 4695 A.
1215 4641 1346 4695 7.-
1359 4644 1383 4675 ⁸
1399 4640 1581 4695 visum
1600 4640 1664 4694 V.
1681 4668 1751 4680 —
1766 4639 1791 4674 ‘¹
1806 4639 2104 4709 pontificali
2126 4641 2417 4696 A.H.V.-
2436 4641 2461 4675 ⁸
2477 4646 2761 4696 mortuum

292 4725 362 4778 A.
389 4752 459 4761 —
484 4724 508 4758 ⁹
525 4725 802 4780 auditurus
829 4725 998 4779 ΜΨ.
1111 4726 1159 4760 ¹⁰
1181 4728 1396 4779 secreta
1420 4725 1647 4779 AJLM.
1663 4725 1726 4778 V.

357 4904 2763 5017 (1)Aet.SS.,Nov.t.11,1.e.-(2)MG.,poethetmpssssaeoe)1ct.sanai

287 4986 1510 5058 tvp7-(4)1b=d..1nn.t.11,p57173.

2924 2805 3112 2862 Pamin

2895 2871 3136 2942 Babylae

2924 2954 3042 3007 oep.
3068 2942 3113 2995 1.
