3487 5450
313 1248 502 1304 Passio
524 1249 696 1317 Baby·

288 1397 293 1401 ·
361 1316 451 1371 lae
473 1332 592 1385 cap.
605 1317 656 1375 5.

416 1448 546 1518 Gap.
562 1448 612 1502 6.

762 538 905 612 134
1313 557 1405 611 ns
1457 557 1700 610 mono
1754 556 2197 609 messmam
2248 555 2664 608 Ausi-auco,

755 747 1027 832 templi?
1051 747 1170 813 Cui
1198 766 1352 813 cum
1379 746 1571 831 plura
1599 746 1821 813 furens
1848 746 2210 812 minaretur
2240 750 2557 829 tyrannus
2587 751 2653 812 et
2683 745 2984 829 quaestio
3012 749 3166 830 post
3178 746 3228 785 ¹¹

756 848 840 914 de
871 847 1008 913 Deo
1029 847 1077 885 ¹²
1106 847 1607 913 christianorum
1638 845 2042 929 deorumque
2072 845 2239 911 inter
2268 866 2380 911 eos
2409 849 2712 929 ageretur
2741 844 3015 924 cultura,
3044 838 3227 911 falla-

755 948 856 1013 cia
884 947 1176 1030 pontifex
1219 967 1568 1012 exsecrans
1612 946 1817 1011 verba
1845 949 1913 1010 et
1956 949 2295 1011 creaturae
2332 945 2542 1011 fictori
2558 946 2610 984 ¹³
2652 965 2722 1011 se
2766 944 3071 1011 famulari
3112 945 3231 1010 soli

755 1051 1150 1131 protestans,
1194 1048 1347 1112 boia
1387 1046 1550 1113 collo
1579 1051 1646 1112 et
1676 1045 2101 1129 compedibus
2129 1049 2542 1128 aggravatus,
2569 1045 2879 1110 virtutem
2906 1044 3231 1128 passionis

758 1147 999 1223 Christi
1025 1147 1451 1231 praedicabat
1478 1166 1767 1211 securus.
2432 1152 2438 1158 '
3266 1167 3294 1214 ι

843 1254 910 1311 2.
936 1249 957 1286 ¹
984 1246 1375 1330 Interposito
1397 1265 1684 1329 namque
1714 1248 2032 1328 tempore,
2064 1263 2289 1309 rursus
2321 1242 2557 1308 Valens
2585 1242 2883 1308 valenter
2911 1242 3234 1308 carnificis

758 1348 1034 1414 obicitur
1056 1346 1925 1429 tribunali,questionaturus
1947 1345 2030 1410 de
2059 1345 2297 1427 pueriS‚
2322 1363 2486 1427 quos
2515 1344 2774 1410 Christo
2796 1344 3237 1409 educaverat¹

758 1447 846 1511 ad
873 1445 1164 1529 palmam
1194 1445 1508 1528 martyrii.
1536 1443 1662 1522 Qui
1690 1443 1898 1527 patris
1947 1442 2314 1526 proditione
2358 1443 2628 1507 exhibiti
2653 1445 2766 1525 (1),
2798 1443 3001 1507 etiam
3031 1443 3236 1526 ipsius
3348 1456 3355 1461 ·

757 1545 1160 1612 orationibus
1184 1544 1342 1623 fulti,
1355 1544 1667 1608 audacter
1687 1543 2174 1608 refutaverunt³
2188 1542 2388 1607 verba
2410 1543 2692 1625 tyranni.
2702 1541 2997 1620 Quorum
3019 1547 3237 1607 mater

758 1643 1050 1707 exhibita
1079 1647 1145 1707 et·
1172 1641 1255 1706 de
1284 1641 1467 1725 prole
1497 1641 1664 1706 sacri
1695 1640 1983 1724 pignoris
2013 1640 2356 1722 exquisita,
2381 1660 2529 1705 cum
2560 1642 2797 1705 natura
2824 1639 3032 1704 libere
3059 1659 3236 1719 sum,
3270 1662 3327 1710 4ο

674 1792 679 1797 .
760 1741 1002 1808 Christi
1030 1742 1275 1807 diceret
1302 1760 1420 1824 per
1449 1740 1794 1806 Valentem
1823 1740 2033 1823 gratia
2062 1739 2247 1816 filios,
2278 1739 2629 1822 exalapata
2666 1759 2890 1805 coram
2929 1740 3239 1804 omnibus

420 2856 550 2926 Cap.
567 2857 616 2912 7.

301 3213 302 3216 ¹
424 3138 554 3206 Cap.
569 3137 619 3191 8.

705 1870 708 1871 ’
756 1843 1050 1925 genetrix
1100 1840 1342 1906 sobolis
1384 1843 1583 1906 suae⁴
1633 1859 1894 1924 semper
1940 1840 2467 1905 constantissima
2494 1839 2763 1905 ,exstitit
2792 1839 3238 1904 confortatrix.

757 1940 948 2005 Unde
983 1939 1655 2006 cathomon⁵·virida⁶
1683 1939 2008 2004 infantum
2038 1938 2277 2021 excipit
2304 1939 2623 2015 membra,
2651 1942 2950 2021 tempore
2979 1938 3240 2004 modico

758 2039 1083 2105 lanianda.
1098 2039 1424 2123 Depositis
1450 2058 1712 2123 quoque
1733 2039 2131 2121 martyribus
2153 2059 2194 2104 a
2215 2038 2521 2102 cathomo
2537 2037 2827 2116 ⁷,iterum
2851 2037 3078 2103 nititur
3097 2036 3240 2102 dia.-

757 2138 946 2205 bolus
986 2160 1107 2223 per
1161 2159 1481 2221 organum
1524 2158 1717 2204 suurn
1758 2137 1995 2203 lucrari
2053 2138 2393 2202 infantiam
2454 2156 2829 2220 puerorum.
2873 2137 3239 2219 Separatur
3273 2157 3332 2204 ιε

756 2243 951 2322 pater
979 2239 1064 2304 ab
1092 2238 1336 2304 unicis⁸
1359 2238 1492 2303 iarn
1523 2238 1780 2304 Christo
1810 2238 2063 2315 dicatiS‚
2094 2242 2158 2301 et
2181 2256 2344 2320 quos
2372 2236 2732 2319 nequibat⁹
2760 2235 2967 2319 elogio
2988 2237 3056 2315 ¹⁰,
3083 2255 3240 2319 pre-

759 2357 910 2404 cum
956 2336 1450 2403 lacrimosarum
1500 2338 1814 2402 servabat
1868 2336 2212 2419 praesidio,
2265 2336 2624 2400 Mulcentur
2668 2335 2977 2401 exeniis¹¹
3025 2337 3235 2419 pueri,

760 2438 996 2521 quibus
1044 2438 1222 2502 omni
1271 2456 1431 2502 auro
1480 2437 1827 2520 pretiosior
1877 2427 2018 2501 erat
2049 2454 2289 2501 corona
2310 2435 2358 2473 ¹²
2390 2435 2705 2517 martyrii.
2734 2435 2977 2500 Verum
3004 2439 3240 2501 tenera

761 2537 1155 2603 certantium
1176 2540 1360 2601 aetas
1380 2537 1475 2601 ita
1497 2536 1907 2619 tyrannicam
1929 2535 2177 2618 respuit
2200 2554 2447 2612 vocem,
2462 2538 2536 2599 ut
2558 2535 2887 2600 mirareris
2903 2534 3239 2601 Christum

761 2636 831 2701 in
887 2637 979 2701 eis
1026 2636 1423 2721 loquentem,
1488 2636 1599 2718 qui
1651 2655 1732 2700 ex
1783 2655 1896 2700 ore
1953 2634 2298 2700 infantium
2349 2637 2414 2699 et
2463 2633 2844 2709 lactentium
2893 2635 3164 2720 perfecit
3186 2634 3239 2675 ¹⁸
3271 2650 3337 2701 zo

761 2736 1045 2802 laudem.
2529 2757 2535 2762 ·

848 2844 919 2902 3.
951 2835 1344 2919 Aggreditur
1392 2836 1632 2901 iterum
1680 2834 1864 2899 dolos
1907 2834 2113 2899 dolosi
2153 2834 2320 2899 filius
2363 2834 2719 2911 delicatus;
2750 2834 2966 2899 sedin
2995 2833 3241 2899 sanctis

763 2935 1074 3001 habitans
1115 2955 1248 3000 non
1277 2924 1515 3001 fallitur
1560 2934 1877 3011 ChristuS,
1923 2933 2157 3017 quibus
2200 2933 2333 2998 dux
2380 2938 2479 3000 est
2521 2953 2783 3017 semper
2810 2937 2877 2998 et
2912 2934 3243 3016 praevius.

765 3035 927 3100 Post
975 3035 1159 3100 dolos
1203 3054 1356 3117 ergo
1406 3027 1805 3100 adhibentur
1860 3033 2136 3110 doloreS‚
2180 3037 2246 3098 et
2294 3023 2459 3117 quos
2507 3052 2641 3098 non
2688 3026 2905 3116 potuit
2952 3033 3246 3099 carnifex

765 3134 1004 3217 lingua,
1035 3138 1305 3199 conatur
1347 3134 1605 3199 vincere
1634 3153 1869 3216 poena.
1900 3132 2333 3216 Suspenditur
2362 3138 2551 3216 pater
2582 3153 2732 3198 cum
2760 3133 2933 3198 natis
2963 3133 3240 3198 torturi¹
3276 3147 3342 3198 ιο

767 3233 990 3299 multis
1018 3233 1331 3298 horarum
1358 3234 1587 3316 spatiis
1614 3257 1650 3310 ;-
1674 3252 1905 3298 verum
1944 3232 2394 3315 patrocinatur
2437 3232 2599 3314 ipse,
2645 3252 2767 3315 pro
2798 3252 2928 3315 quo
2957 3251 3031 3298 se
3059 3232 3247 3297 obie-

770 3352 918 3399 cere
966 3333 1327 3398 tormentis.
1371 3333 1711 3398 clamant2
1753 3331 1870 3397 filii*
1909 3332 2143 3397 iniuste
2189 3336 2446 3415 patrem
2490 3327 2837 3396 Valentem
2860 3331 3248 3397 tormentis⁸

771 3433 1004 3515 affligi3
1034 3437 1104 3497 at
1151 3433 1438 3520 genitor⁸
1480 3431 1764 3498 exsultat
1793 3419 1860 3497 in
1889 3432 2434 3510 tribulationibus,
2467 3450 2631 3514 quas
2663 3431 2900 3519 meruit
2947 3425 3095 3496 IeSu
3123 3450 3249 3515 pro

771 3532 1036 3599 nomine
1049 3533 1076 3569 ⁴
1097 3533 1256 3615 pati.
1279 3532 1520 3598 Iterum
1548 3536 1935 3615 torquentur
1955 3531 2376 3614 parvulorum
2405 3530 2619 3595 dulcia
2637 3530 2933 3614 pignora,
2954 3530 3252 3597 Valentis

755 3669 760 3674 -
772 3630 981 3713 patris
1003 3629 1068 3694 in
1091 3629 1349 3695 Christo
1370 3628 1860 3712 regeneratione
1873 3630 1900 3667 ⁶
1919 3628 2277 3711 progenita,
2297 3633 2363 3692 et
2384 3647 2516 3693 una
2537 3647 2664 3693 vox
2687 3628 3019 3694 Christum
3040 3629 3129 3694 ab
3153 3629 3253 3695 eis
3290 3642 3357 3694 30

774 3727 1266 3794 confitentium⁶
1288 3732 1387 3794 est
1414 3728 1659 3793 audita.
1689 3728 1849 3806 Post
1892 3728 1983 3791 eis
2019 3726 2281 3809 capitali
2309 3727 2634 3792 sententia
2663 3726 2842 3804 data,
2885 3727 3065 3813 ducti
3092 3732 3258 3793 sunt
3334 3773 3348 3783 ³

774 3905 844 3917 -
865 3878 913 3912 ¹¹
935 3877 1085 3946 prius
1117 3879 1181 3932 V.
1202 3905 1271 3916 -
1293 3869 1429 3931 12‘00
1457 3880 1536 3943 A,·
1559 3876 1652 3930 nei
1694 3878 1771 3931 w.
1798 3903 1859 3914 -
1884 3876 1931 3910 ¹⁸
1953 3874 2131 3929 fleturi
2158 3879 2237 3942 A,·
2262 3851 2456 3929 factori
2480 3877 2570 3942 JV.

844 3961 987 4014 2.-
1008 3961 1027 3994 ¹
1045 3961 1114 4014 Et
1128 3961 1255 4014 add.
1270 3963 1405 4014 Δ.-
1422 3960 1445 3994 ⁸
1463 3959 1813 4014 edificaverat
1828 3960 1897 4011 A.
1910 3959 2069 4012 V.—⁸
2088 3959 2176 4012 vel
2194 3957 2615 4012 confutaverunt
2630 3960 2758 4013 add.
2784 3958 2982 4025 Wolfh.
2999 3959 3265 4028 sup.lin.;
3310 3955 3314 3958 Α

726 4054 733 4061 ·
778 4042 1202 4098 confutaverunt
1230 4044 1281 4096 A
1302 4044 1621 4097 HMMW.
1641 4070 1710 4081 —
1731 4042 1756 4076 ⁴
1779 4044 1879 4110 (so.
1913 4043 2016 4108 su.)
2049 4057 2132 4095 su.
2153 4057 2237 4095 so.
2276 4041 2501 4095 AAM.
2512 4041 2574 4094 V.
2589 4043 2668 4095 W.
2689 4068 2758 4079 —
2790 4041 3135 4100 ‘Acathomus
3169 4044 3267 4098 W.

750 4126 846 4165 '-
865 4126 890 4161 ⁶
912 4125 1104 4180 viridia
1133 4126 1197 4180 V.
1224 4154 1286 4165 —
1309 4125 1332 4160 ²
1353 4124 1656 4180 cathomon
1686 4125 1766 4180 M.
1792 4155 1854 4165 -
1878 4124 1903 4160 ⁸
1925 4124 2101 4178 imicis
2138 4126 2187 4177 Δ
2201 4143 2225 4190 ,·
2252 4122 2486 4177 inimicis
2520 4123 2584 4176 V.
2606 4152 2674 4162 -
2710 4124 2734 4158 ⁹
2758 4123 3057 4193 nequiebat
3096 4126 3162 4179 V.
3190 4158 3267 4169 —

781 4209 831 4244 ²⁰
852 4208 1069 4277 eulogio
1089 4209 1159 4262 M
1169 4217 1307 4278 post.
1329 4226 1472 4263 eorr.
1495 4233 1561 4244 -
1579 4208 1626 4243 ¹²
1649 4207 1827 4262 xeniis
1858 4208 2076 4262 ΛΕΜ.
2089 4207 2150 4261 V.
2162 4208 2245 4262 W.
2270 4234 2327 4245 -
2357 4207 2407 4241 ¹²
2429 4210 2635 4260 corona
2668 4208 2860 4274 Wolfk.
2881 4234 2952 4246 -
2974 4209 3021 4243 ¹⁸
3039 4207 3272 4277 perficit

782 4293 926 4429 Aug.
948 4402 1015 4414 —
1039 4376 1060 4410 ¹
1085 4373 1280 4449 tortori
1305 4374 1381 4428 M.
1405 4405 1469 4414 —
1502 4373 1526 4407 ¹
1549 4373 2137 4438 (clamant-tormentis)
2161 4391 2265 4428 om.
2305 4377 2371 4427 A.
2396 4404 2462 4414 —
2493 4373 2518 4406 ⁸
2540 4372 2661 4441 geni
2697 4372 2789 4439 H‚·
2820 4372 3051 4440 genitrix
3087 4375 3169 4430 M.
3192 4402 3275 4415 —
3374 4331 3377 4332 Β

778 4459 805 4521 ,4
828 4459 893 4527 (1.
914 4474 967 4527 p.
989 4475 1027 4512 n
1045 4458 1065 4525 )
1082 4474 1135 4526 p.
1152 4474 1204 4512 n.
1224 4458 1263 4512 1.
1288 4456 1565 4522 Wolfh.'—
1589 4457 1613 4491 ⁸
1631 4455 1688 4510 in
1705 4456 2116 4524 regeneratione
2151 4456 2350 4521 Wolff».
2367 4458 2426 4510 in
2448 4473 2622 4523 mar-9.
2647 4477 2708 4498 e-
2728 4455 2753 4489 ⁸
2771 4456 2843 4509 ab
2865 4455 2944 4509 eis
2961 4458 3091 4511 add.
3127 4458 3196 4512 V.

843 4607 917 4674 (1)
935 4606 1134 4662 Notare
1157 4607 1355 4663 iuverit
1376 4608 1430 4662 in
1454 4607 1717 4661 Passione
1740 4607 1993 4675 Babylae,
2017 4623 2138 4676 cap.
2164 4609 2213 4671 6,
2232 4622 2433 4675 pueros
2455 4606 2579 4660 illos
2605 4605 2784 4677 ipsum
2814 4605 3080 4673 Babylam
3112 4608 3279 4665 dulci

778 4693 948 4758 patris
970 4691 1197 4745 nomine
1238 4691 1549 4759 designare;
1587 4690 1783 4744 eodem
1821 4689 1998 4756 capite
2038 4690 2272 4757 legimus
2312 4689 2436 4744 illos
2467 4693 2586 4742 tum
2615 4688 2841 4742 demum
2866 4689 3277 4748 aNumeriano

777 4774 1073 4829 accersitos
1095 4790 1233 4838 esse,
1269 4779 1558 4843 postquam
1581 4774 1651 4827 de
1684 4773 1816 4842 ipsis
1846 4773 1915 4827 ad
1950 4773 2342 4827 Numerianum
2373 4787 2683 4827 sermonem
2714 4772 2988 4826 habuerat
3005 4773 3281 4844 Babylas.

780 4855 968 4911 Potuit
985 4872 1166 4924 porro,
1187 4856 1282 4926 qui
1299 4856 1618 4911 Passionem
1649 4856 1886 4925 Babylae
1909 4856 2128 4925 legebat
2149 4861 2204 4914 et
2226 4854 2557 4921 imitabatur,
2579 4854 2898 4933 intellegere,
2920 4860 3054 4920 tunc
3072 4858 3280 4929 aliquo

782 4939 954 4994 modo
974 4939 1117 4994 filios
1138 4956 1173 4994 a
1189 4945 1345 5010 patre
1369 4955 1490 4995 esse
1513 4939 1778 5009 proditos.
3154 4935 3159 4936 ⁷
