3487 5450
756 608 893 681 188
1304 626 1392 678 nr:
1444 625 1686 677 meno
1734 623 2180 677 memmio
2229 623 2646 676 ausuum.

748 817 1027 884 dissimis
1054 817 1515 882 interessemus
1540 814 1891 881 sollemniis
1927 814 2104 881 beati
2140 815 2448 899 martyris
2490 814 2730 881 Christi
2769 814 3214 896 Pantaleonis,

748 919 906 1002 quin
942 918 1164 994 imme,
1188 920 1261 982 ut
1303 935 1489 982 secus
1528 914 1732 998 ipsius
1759 914 2084 998 promissa
2112 913 2348 995 dicam,
2376 914 2818 997 benignissimi
2849 915 3110 997 patroni
3135 934 3216 980 ac

746 1017 1099 1083 fidelissimi
1134 1015 1503 1099 provisoriS,
1546 1018 1736 1080 nocte
1774 1014 2058 1079 instante
2086 1015 2127 1092 ¹,
2177 1013 2666 1080 nocturnalibus
2723 1014 2951 1096 vigiliis
2999 1034 3217 1097 paene

747 1138 955 1201 usque
981 1117 1064 1182 ad
1087 1113 1505 1181 matutinales
1525 1113 1752 1179 laudes
1772 1113 2194 1196 consumptis,
2220 1114 2414 1191 idem,
2439 1133 2636 1196 quem
2665 1113 2945 1196 praefati
2966 1133 3216 1194 sumus,

749 1221 997 1299 martyr
1026 1215 1299 1280 eximius
1326 1214 1655 1279 communi
1680 1213 2096 1296 psallentium
2125 1214 2328 1278 choro
2359 1212 2662 1295 dignatus
2685 1215 2785 1277 est
2811 1214 3222 1295 praesentia·
3253 1228 3283 1276 u»

746 1316 893 1381 liter
912 1316 1243 1389 interesse,
1271 1313 1534 1397 reliquis
1563 1313 1805 1378 sanctis
1827 1331 1986 1378 suae
2015 1312 2317 1378 societati
2338 1312 2715 1390 coniunctiS,
2739 1331 3017 1395 quorum
3061 1313 3221 1396 quia

751 1416 854 1481 hic
880 1434 1013 1479 non
1039 1414 1340 1479 dicuntur
1364 1412 1714 1501 magnalia,
1735 1412 2006 1477 silentur
2027 1415 2094 1477 et
2113 1411 2402 1476 nomina.
2412 1411 2654 1476 Verum
2683 1431 2767 1477 ne
2790 1411 2935 1494 quis
2963 1411 3222 1477 audito-

750 1535 898 1580 rum
924 1514 1088 1579 haec
1109 1513 1325 1578 verius
1351 1516 1499 1578 acta
1519 1512 1891 1586 arbitretur,
1914 1511 2033 1577 sed
2060 1510 2245 1591 falsa,
2274 1511 2345 1576 in
2370 1514 2783 1576 sacramento
2811 1511 3221 1576 affirmamus

752 1614 968 1679 divino
1011 1613 1278 1695 eiusque
1314 1612 1521 1677 sancti
1551 1612 1762 1695 gratia
1791 1609 1974 1676 salva
1997 1610 2091 1676 ita
2119 1610 2506 1694 conscripta,
2528 1614 2603 1675 ut
2631 1630 2775 1675 sese
2803 1610 3070 1688 habent,
3097 1630 3224 1677 nec

753 1714 819 1779 in
839 1713 1055 1796 aliqua
1076 1731 1148 1777 re
1168 1711 1339 1777 ficta.
1352 1710 1523 1777 Nam
1547 1709 1884 1775 visibiliter
1906 1710 2165 1775 cuidam
2186 1710 2392 1775 sorori
2423 1710 2746 1792 apparuit,
2769 1710 2951 1775 cuius
2977 1729 3224 1776 nomen
3259 1721 3323 1773 ιο

752 1813 1158 1897 supprimere
1204 1811 1518 1888 ducimus,
1570 1809 1880 1893 quoniam
1923 1809 2342 1894 superstitem
2393 1809 2609 1874 adhuc
2649 1808 2992 1874 habemuS.
3032 1809 3224 1888 Quae

754 1916 1002 1997 quanta
1030 1916 1095 1976 et
1124 1910 1343 1994 qualia
1383 1908 1616 1974 viderit
1657 1928 1777 1974 seu
1818 1908 2046 1974 auditu
2083 1908 2467 1992 perceperit,
2496 1928 2629 1974 non
2666 1913 2767 1973 est
2800 1913 3098 1975 nostrum
3132 1910 3224 1975 ad

754 2014 1075 2094 integrum
1114 2010 1451 2088 disserere,
1481 2008 1635 2093 quia
1674 2012 1738 2074 et
1775 2028 1898 2092 pro
1932 2011 2123 2092 parte
2160 2008 2285 2072 sibi
2335 2008 2627 2073 narravit
2667 2008 3014 2074 interdicta
3062 2008 3226 2074 fore.

752 2111 995 2176 Verum
1021 2113 1247 2175 tamen
1271 2110 1397 2175 hoc
1424 2108 1719 2191 cupirnus
1761 2126 2148 2191 propagare,
2194 2127 2325 2190 quo
2366 2107 2607 2173 multos
2650 2108 2733 2172 ad
2777 2127 2965 2191 spem
2993 2106 3227 2173 salutis

754 2228 1101 2294 possumus
1138 2208 1451 2285 animare,
1480 2206 1718 2272 scilicet
1762 2207 1939 2290 quod
1977 2206 2121 2272 illos
2166 2207 2442 2271 invicem
2492 2206 2932 2290 colloquentes
2973 2206 3229 2272 audivit
3268 2227 3333 2278 es

755 2310 970 2393 ipsum
998 2310 1297 2373 sanctum
1340 2326 1382 2373 a
1425 2307 1624 2372 beata
1667 2305 1785 2371 Dei
1821 2306 2162 2390 genetrice,
2192 2306 2554 2373 certissima
2580 2307 3012 2371 maerentium
3041 2305 3233 2371 adiu-

757 2409 935 2487 trice,
964 2407 1053 2472 ad
1077 2407 1291 2472 bunc²
1316 2406 1534 2471 locum
1572 2405 1661 2470 ob
1700 2405 1826 2470 hoc
1868 2405 2007 2471 fore
2049 2405 2468 2485 destinatum,
2497 2409 2571 2470 ut
2612 2406 2851 2471 abhinc
2877 2406 2946 2470 in
2985 2425 3231 2471 aevum

758 2508 897 2572 eius
922 2506 1208 2572 sentiant
1234 2504 1666 2588 patrocinium
1686 2508 1828 2570 tam
1851 2504 2091 2571 devota
2115 2509 2335 2570 mente
2358 2505 2496 2570 eius
2519 2505 2899 2588 suffragium
2913 2505 2942 2544 ⁸
2970 2505 3233 2589 quaeri-

758 2611 973 2672 tantes
1010 2624 1210 2690 quam
1252 2605 1452 2669 etiam
1493 2604 1653 2669 inibi
1688 2603 1828 2669 Deo
1866 2602 2276 2669 famulantes.
2306 2603 2411 2669 Ob
2447 2604 2516 2668 id
2562 2604 2865 2687 equidem
2915 2604 3232 2688 quoniam

759 2705 1050 2773 eiusdem
1096 2704 1212 2770 Dei
1248 2703 1589 2788 genetricis
1629 2703 2003 2787 praesentia
2029 2721 2164 2769 non
2197 2702 2406 2787 possit
2434 2722 2579 2770 esse
2607 2704 2930 2782 continua,
2960 2705 3083 2788 pro
3126 2704 3233 2770 sui
3265 2721 3339 2775 20

759 2804 1237 2888 magnificentia
1276 2803 1649 2881 adicientes,
1679 2803 1734 2868 si
1773 2804 2173 2869 accuratiore
2201 2802 2532 2886 diligentia
2559 2803 2958 2869 nocturnalis
2992 2823 3233 2887 procu-

758 2909 907 2970 rata
934 2909 1107 2969 esset
1132 2902 1464 2986 vigilantia
1478 2903 1526 2982 ⁴,
1553 2902 1714 2967 talia
1753 2901 1884 2967 illic
1918 2902 2118 2968 fuisse
2140 2903 2298 2982 visa,
2331 2902 2550 2986 qualia
2576 2903 2901 2968 nullorum
2928 2903 3234 2970 meminit

761 3007 945 3070 aetas
972 3022 1322 3068 annorum.

851 3110 960 3169 15.
1015 3101 1135 3167 His
1191 3101 1378 3166 dictis
1427 3099 1697 3183 aliisque
1746 3099 1989 3178 multis,
2039 3119 2210 3184 quae
2265 3101 2411 3183 ipsa
2464 3100 2747 3166 horatim
2802 3120 2924 3184 per
2971 3101 3234 3185 singula

761 3203 1081 3268 referente
1119 3200 1549 3284 percepimus,
1577 3199 1933 3264 intulerunt
1976 3199 2123 3264 ideo
2151 3199 2457 3264 divinitus
2507 3200 2632 3265 sibi
2658 3199 2908 3265 collatis
2936 3200 3134 3266 inibi¹
3163 3202 3236 3267 id
3272 3217 3346 3271 ιε

762 3302 952 3385 plene
979 3319 1113 3365 non
1138 3300 1369 3364 florere
1397 3299 1613 3381 signiS,
1661 3298 1815 3381 quia
1843 3299 1911 3363 in
1937 3298 2058 3376 his,
2089 3318 2260 3381 quae
2303 3299 2620 3364 hactenus
2650 3298 2860 3364 fuerat
2890 3295 3236 3382 operatuS,

764 3421 896 3466 non
922 3400 1133 3465 solum
1172 3399 1512 3476 oblivione,
1558 3417 1785 3463 verum
1813 3398 2013 3463 etiam
2052 3399 2404 3464 verborum
2449 3398 2790 3464 injuriatus
2818 3399 2903 3464 sit
2944 3399 3242 3467 detesta-

767 3500 979 3576 tione3
1010 3498 1115 3564 et²
1156 3517 1319 3581 quos
1348 3497 1415 3562 in
1441 3497 1565 3562 boc
1592 3500 1824 3562 notare
1863 3496 2072 3562 voluit
2083 3496 2130 3575 ⁸,
2160 3490 2473 3580 signatius
2512 3497 2789 3576 edocuit,
2811 3503 3008 3581 prout
3050 3500 3239 3583 prius

767 3597 1179 3674 resinnotuit,
1208 3598 1667 3662 subnectentes
1697 3599 1760 3661 et
1785 3596 1942 3662 illud
1968 3596 2035 3661 in
2057 3597 2204 3679 ipsa
2225 3595 2677 3662 sollemnitatis
2700 3597 2837 3662 eius
2857 3600 3241 3681 vespertina

767 3696 997 3781 synaxi
1025 3695 1356 3779 quoddam
1384 3695 1800 3779 magnificum
1827 3696 1953 3761 illic
1980 3700 2204 3761 actum
2233 3696 2371 3760 fore
2416 3697 2818 3774 miraculum,
2848 3697 3026 3780 quod
3066 3699 3239 3782 ips0,
3280 3721 3356 3775 30

768 3798 834 3861 in
863 3816 992 3879 quo
1020 3796 1356 3878 agebatur,
1384 3796 1506 3860 sub
1527 3795 1780 3861 silentio
1810 3794 2108 3875 ducente,
2136 3796 2420 3861 necdum
2448 3796 2636 3861 nobis
2667 3797 2958 3879 apertius
2981 3797 3244 3879 claruit,

766 3896 914 3962 licet
966 3895 1279 3960 curiosius
1341 3894 1802 3978 investigatum
1853 3895 1956 3972 sit,
2018 3894 2189 3978 quod
2242 3895 2637 3961 omnimodis
2685 3915 2845 3961 suae
2899 3899 3243 3979 reputavit

769 3995 1059 4060 iniuriae.
1100 3994 1276 4059 Inter
1313 3994 1477 4059 haec
1518 3993 1723 4058 verba
1770 3994 2032 4077 saepius
2080 3992 2381 4060 dolenter
2427 3995 2730 4077 repetita.
2783 3995 2870 4060 ad
2913 3995 3247 4079 integrum

768 4093 1258 4160 matutinalibus
1302 4092 1574 4176 expletis
1612 4091 1935 4170 laudibus,
1978 4096 2174 4176 prout
2202 4093 2407 4176 ipsius
2435 4097 2618 4177 gesta
2654 4095 2943 4177 corporis
2973 4115 3251 4178 persen·

769 4194 973 4259 simus
1012 4193 1355 4275 veriusque
1409 4193 1627 4258 verbis
1682 4191 2070 4272 audivimus,
2120 4192 2293 4258 idem
2341 4194 2549 4258 sancti
2597 4193 2973 4259 venerando
3033 4197 3249 4264 crucis
3289 4226 3374 4280 35

768 4291 1096 4377 signaculo
1164 4310 1392 4356 omnes
1448 4291 1882 4356 communiter
1941 4292 2403 4376 consignavere
2452 4297 2520 4358 et
2569 4312 2714 4358 sese
2769 4313 2920 4358 cum
2969 4313 3250 4363 corusco

772 4392 1012 4457 lumine
1040 4391 1271 4455 altario
1298 4390 1597 4456 locavere
1612 4391 1659 4454 ⁴.

861 4498 971 4556 16.
1016 4490 1265 4572 Nempe
1305 4489 1407 4554 his
1453 4495 1518 4554 et
1560 4489 1820 4565 talibus,
1865 4490 2102 4574 quibus
2144 4491 2384 4556 diutius
2410 4493 2431 4530 ¹
2475 4491 2809 4558 immorari
2866 4492 3252 4562 fastidiosus

770 4590 971 4656 lector
992 4609 1124 4654 non
1152 4590 1322 4670 sinit,
1353 4589 1460 4655 illa
1491 4589 1649 4654 dum
1680 4590 2022 4655 interesset
2052 4590 2426 4669 visionibus,
2457 4593 2829 4675 pariterque
2859 4600 3253 4674 praesentes

845 4841 951 4892 14.
975 4869 1038 4880 -
1063 4839 1081 4872 ¹
1101 4840 1300 4892 etadd.
1322 4838 1387 4891 H
1419 4865 1477 4876 -—
1503 4837 1528 4871 ²
1550 4837 1655 4891 bec
1673 4838 1739 4892 L.
1771 4865 1823 4876 —
1850 4837 1876 4871 ⁸
1900 4836 2265 4904 patrocinium
2284 4839 2350 4892 L.
2370 4867 2432 4878 -—
2452 4838 2670 4908 ⁴vigilia
2694 4840 2768 4894 H.

844 4923 950 4976 15.
976 4950 1036 4961 -
1064 4923 1083 4956 ¹
1105 4920 1338 4975 invicem
1361 4920 1426 4973 L.
1446 4920 1556 4960 —¹
1576 4925 1640 4974 ut
1665 4920 1728 4974 L.
1759 4949 1818 4958 -
1840 4921 1866 4955 ⁸
1900 4920 2133 4975 voluerit
2155 4922 2223 4975 L.
2246 4949 2308 4960 —
2330 4921 2355 4956 ⁴
2371 4921 2713 4977 collocavere
2737 4924 2806 4977 L.

842 5006 945 5059 18.
966 5033 1035 5044 —
1058 5005 1079 5039 ¹
1097 5002 1360 5058 divinitus
1380 5003 1454 5056 H.
