<?xml version="1.0" encoding="UTF-8"?>
<!DOCTYPE html PUBLIC "-//W3C//DTD XHTML 1.0 Transitional//EN"
    "http://www.w3.org/TR/xhtml1/DTD/xhtml1-transitional.dtd">
<html xmlns="http://www.w3.org/1999/xhtml" xml:lang="en" lang="en">
 <head>
  <title>
</title>
<meta http-equiv="Content-Type" content="text/html;charset=utf-8" />
  <meta name='ocr-system' content='tesseract 3.04.00' />
  <meta name='ocr-capabilities' content='ocr_page ocr_carea ocr_par ocr_line ocrx_word'/>
</head>
<body>
  <div class='ocr_page' id='page_1' title='image "analectabolland01bollgoog_0044.png"; bbox 0 0 3487 5450; ppageno 0'>
   <div class='ocr_carea' id='block_1_1' title="bbox 678 528 2109 601">
    <p class='ocr_par' dir='ltr' id='par_1_1' title="bbox 678 528 2109 601">
     <span class='ocr_line' id='line_1_1' title="bbox 678 528 2109 601; baseline -0.002 0"><span class='ocrx_word' id='word_1_1' title='bbox 678 528 777 601; x_wconf 82' lang='lat'><strong><em>34</em></strong></span> <span class='ocrx_word' id='word_1_2' title='bbox 1396 574 1397 577; x_wconf 18' lang='grc' dir='ltr'><strong><em>κ</em></strong></span> <span class='ocrx_word' id='word_1_3' title='bbox 1723 545 1814 598; x_wconf 81' lang='lat' dir='ltr'><strong><em>m:</em></strong></span> <span class='ocrx_word' id='word_1_4' title='bbox 1866 544 2109 599; x_wconf 66' lang='lat' dir='ltr'><strong><em>naxo</em></strong></span> 
     </span>
    </p>
   </div>
   <div class='ocr_carea' id='block_1_2' title="bbox 600 733 3156 3899">
    <p class='ocr_par' dir='ltr' id='par_1_2' title="bbox 676 733 3151 1023">
     <span class='ocr_line' id='line_1_2' title="bbox 760 733 3136 821; baseline 0.002 -23"><span class='ocrx_word' id='word_1_5' title='bbox 760 738 935 803; x_wconf 67' lang='lat'><strong><em>1¹1⁵</em></strong></span> <span class='ocrx_word' id='word_1_6' title='bbox 965 768 1028 789; x_wconf 77' lang='grc' dir='ltr'><strong><em>-ι</em></strong></span> <span class='ocrx_word' id='word_1_7' title='bbox 1082 734 1274 800; x_wconf 73' lang='lat' dir='ltr'><strong><em>codex</em></strong></span> <span class='ocrx_word' id='word_1_8' title='bbox 1315 736 1604 820; x_wconf 76' lang='lat' dir='ltr'><strong><em>siqnatus</em></strong></span> <span class='ocrx_word' id='word_1_9' title='bbox 1649 733 1742 799; x_wconf 73' lang='lat' dir='ltr'><strong><em>M.</em></strong></span> <span class='ocrx_word' id='word_1_10' title='bbox 1783 737 1846 818; x_wconf 84' lang='lat'><strong><em>5,</em></strong></span> <span class='ocrx_word' id='word_1_11' title='bbox 1889 734 2060 798; x_wconf 81' lang='lat' dir='ltr'><strong><em>alias</em></strong></span> <span class='ocrx_word' id='word_1_12' title='bbox 2098 735 2242 815; x_wconf 85' lang='grc'><strong><em>675,</em></strong></span> <span class='ocrx_word' id='word_1_13' title='bbox 2294 734 2600 817; x_wconf 80' lang='lat' dir='ltr'><strong><em>foliorum</em></strong></span> <span class='ocrx_word' id='word_1_14' title='bbox 2643 736 2768 801; x_wconf 86' lang='lat'><strong><em>291</em></strong></span> <span class='ocrx_word' id='word_1_15' title='bbox 2808 738 3024 821; x_wconf 83' lang='lat'><strong><em>(0-,35</em></strong></span> <span class='ocrx_word' id='word_1_16' title='bbox 3079 755 3136 808; x_wconf 88' lang='grc'><strong><em>&gt;&lt;</em></strong></span> 
     </span>
     <span class='ocr_line' id='line_1_3' title="bbox 678 833 3151 921; baseline 0.001 -20"><span class='ocrx_word' id='word_1_17' title='bbox 678 837 872 920; x_wconf 86' lang='grc'><strong><em>0,25),</em></strong></span> <span class='ocrx_word' id='word_1_18' title='bbox 889 841 1143 921; x_wconf 85' lang='lat' dir='ltr'><strong><em>praeter</em></strong></span> <span class='ocrx_word' id='word_1_19' title='bbox 1183 855 1381 898; x_wconf 82' lang='lat' dir='ltr'><strong><em>unum</em></strong></span> <span class='ocrx_word' id='word_1_20' title='bbox 1412 833 1581 919; x_wconf 77' lang='lat' dir='ltr'><strong><em>quod</em></strong></span> <span class='ocrx_word' id='word_1_21' title='bbox 1607 834 1676 898; x_wconf 89' lang='lat' dir='ltr'><strong><em>in</em></strong></span> <span class='ocrx_word' id='word_1_22' title='bbox 1716 835 1923 918; x_wconf 79' lang='lat' dir='ltr'><strong><em>capite</em></strong></span> <span class='ocrx_word' id='word_1_23' title='bbox 1947 840 2152 897; x_wconf 75' lang='lat' dir='ltr'><strong><em>exstat</em></strong></span> <span class='ocrx_word' id='word_1_24' title='bbox 2193 834 2365 899; x_wconf 80' lang='lat' dir='ltr'><strong><em>nullo</em></strong></span> <span class='ocrx_word' id='word_1_25' title='bbox 2393 855 2653 900; x_wconf 83' lang='lat' dir='ltr'><strong><em>numero</em></strong></span> <span class='ocrx_word' id='word_1_26' title='bbox 2695 835 3064 902; x_wconf 80' lang='lat' dir='ltr'><strong><em>distinctum</em></strong></span> <span class='ocrx_word' id='word_1_27' title='bbox 3093 845 3151 904; x_wconf 87' lang='lat' dir='ltr'><strong><em>et</em></strong></span> 
     </span>
     <span class='ocr_line' id='line_1_4' title="bbox 676 932 3022 1023; baseline 0 -23"><span class='ocrx_word' id='word_1_28' title='bbox 676 936 847 1023; x_wconf 77' lang='lat' dir='ltr'><strong><em>quod</em></strong></span> <span class='ocrx_word' id='word_1_29' title='bbox 873 934 1143 999; x_wconf 85' lang='lat' dir='ltr'><strong><em>indicem</em></strong></span> <span class='ocrx_word' id='word_1_30' title='bbox 1190 932 1485 998; x_wconf 83' lang='lat' dir='ltr'><strong><em>Vitarum</em></strong></span> <span class='ocrx_word' id='word_1_31' title='bbox 1514 932 1769 998; x_wconf 77' lang='lat' dir='ltr'><strong><em>exhibet.</em></strong></span> <span class='ocrx_word' id='word_1_32' title='bbox 1811 932 2096 999; x_wconf 76' lang='lat' dir='ltr'><strong><em>Continet</em></strong></span> <span class='ocrx_word' id='word_1_33' title='bbox 2125 953 2358 998; x_wconf 78' lang='lat' dir='ltr'><strong><em>menses</em></strong></span> <span class='ocrx_word' id='word_1_34' title='bbox 2382 936 2627 998; x_wconf 82' lang='lat' dir='ltr'><strong><em>maium</em></strong></span> <span class='ocrx_word' id='word_1_35' title='bbox 2657 942 2713 999; x_wconf 92' lang='lat' dir='ltr'><strong><em>et</em></strong></span> <span class='ocrx_word' id='word_1_36' title='bbox 2750 936 3022 1001; x_wconf 82' lang='lat' dir='ltr'><strong><em>iunium.</em></strong></span> 
     </span>
    </p>

    <p class='ocr_par' dir='ltr' id='par_1_3' title="bbox 675 1032 3150 1419">
     <span class='ocr_line' id='line_1_5' title="bbox 759 1032 3148 1119; baseline -0 -18"><span class='ocrx_word' id='word_1_37' title='bbox 759 1044 837 1101; x_wconf 99' lang='lat' dir='ltr'><strong>M</strong></span> <span class='ocrx_word' id='word_1_38' title='bbox 857 1039 931 1080; x_wconf 79' lang='lat'><strong><em>¹¹⁶</em></strong></span> <span class='ocrx_word' id='word_1_39' title='bbox 961 1067 1039 1087; x_wconf 87' lang='lat'><strong><em>-—-</em></strong></span> <span class='ocrx_word' id='word_1_40' title='bbox 1068 1034 1262 1098; x_wconf 74' lang='lat' dir='ltr'><strong><em>codex</em></strong></span> <span class='ocrx_word' id='word_1_41' title='bbox 1289 1036 1578 1119; x_wconf 69' lang='lat' dir='ltr'><strong><em>siqnatus</em></strong></span> <span class='ocrx_word' id='word_1_42' title='bbox 1607 1032 1699 1097; x_wconf 79' lang='lat' dir='ltr'><strong><em>M.</em></strong></span> <span class='ocrx_word' id='word_1_43' title='bbox 1739 1034 1801 1114; x_wconf 88' lang='lat'><strong><em>6,</em></strong></span> <span class='ocrx_word' id='word_1_44' title='bbox 1852 1033 2024 1097; x_wconf 77' lang='lat' dir='ltr'><strong><em>alias</em></strong></span> <span class='ocrx_word' id='word_1_45' title='bbox 2070 1033 2215 1114; x_wconf 87' lang='lat'><em>676,</em></span> <span class='ocrx_word' id='word_1_46' title='bbox 2243 1032 2414 1097; x_wconf 78' lang='lat' dir='ltr'><strong><em>alias</em></strong></span> <span class='ocrx_word' id='word_1_47' title='bbox 2440 1032 2529 1098; x_wconf 95' lang='lat' dir='ltr'><strong><em>H.</em></strong></span> <span class='ocrx_word' id='word_1_48' title='bbox 2557 1034 2660 1113; x_wconf 73' lang='lat'><strong><em>54,</em></strong></span> <span class='ocrx_word' id='word_1_49' title='bbox 2686 1034 2992 1116; x_wconf 81' lang='lat' dir='ltr'><strong><em>foliorum</em></strong></span> <span class='ocrx_word' id='word_1_50' title='bbox 3017 1036 3148 1100; x_wconf 86' lang='lat'><strong><em>355</em></strong></span> 
     </span>
     <span class='ocr_line' id='line_1_6' title="bbox 677 1131 3147 1221; baseline 0 -22"><span class='ocrx_word' id='word_1_51' title='bbox 677 1135 892 1218; x_wconf 75' lang='grc'><strong><em>(0-,35</em></strong></span> <span class='ocrx_word' id='word_1_52' title='bbox 926 1151 979 1201; x_wconf 92' lang='grc'><strong><em>&gt;&lt;</em></strong></span> <span class='ocrx_word' id='word_1_53' title='bbox 1019 1134 1213 1216; x_wconf 84' lang='grc'><strong><em>0,25),</em></strong></span> <span class='ocrx_word' id='word_1_54' title='bbox 1232 1139 1493 1216; x_wconf 76' lang='lat' dir='ltr'><strong><em>praeter</em></strong></span> <span class='ocrx_word' id='word_1_55' title='bbox 1513 1133 1640 1196; x_wconf 86' lang='lat' dir='ltr'><strong><em>duo</em></strong></span> <span class='ocrx_word' id='word_1_56' title='bbox 1662 1131 1972 1196; x_wconf 83' lang='lat' dir='ltr'><strong><em>additicia</em></strong></span> <span class='ocrx_word' id='word_1_57' title='bbox 2002 1132 2067 1196; x_wconf 87' lang='lat' dir='ltr'><strong><em>in</em></strong></span> <span class='ocrx_word' id='word_1_58' title='bbox 2099 1133 2299 1212; x_wconf 80' lang='lat' dir='ltr'><strong><em>initio,</em></strong></span> <span class='ocrx_word' id='word_1_59' title='bbox 2320 1152 2592 1218; x_wconf 81' lang='lat' dir='ltr'><strong><em>qnorum</em></strong></span> <span class='ocrx_word' id='word_1_60' title='bbox 2610 1136 2804 1218; x_wconf 79' lang='lat' dir='ltr'><strong><em>prius</em></strong></span> <span class='ocrx_word' id='word_1_61' title='bbox 2821 1137 3147 1221; x_wconf 74' lang='lat' dir='ltr'><strong><em>scriptura</em></strong></span> 
     </span>
     <span class='ocr_line' id='line_1_7' title="bbox 675 1230 3150 1315; baseline 0.001 -17"><span class='ocrx_word' id='word_1_62' title='bbox 675 1240 875 1315; x_wconf 84' lang='lat' dir='ltr'><strong><em>vacat,</em></strong></span> <span class='ocrx_word' id='word_1_63' title='bbox 917 1233 1189 1298; x_wconf 82' lang='lat' dir='ltr'><strong><em>alterum</em></strong></span> <span class='ocrx_word' id='word_1_64' title='bbox 1239 1231 1473 1297; x_wconf 77' lang='lat' dir='ltr'><strong><em>exhibet</em></strong></span> <span class='ocrx_word' id='word_1_65' title='bbox 1520 1231 1792 1297; x_wconf 83' lang='lat' dir='ltr'><strong><em>indicem</em></strong></span> <span class='ocrx_word' id='word_1_66' title='bbox 1851 1231 2162 1295; x_wconf 72' lang='lat' dir='ltr'><strong><em>Vitamm.</em></strong></span> <span class='ocrx_word' id='word_1_67' title='bbox 2209 1230 2495 1297; x_wconf 79' lang='lat' dir='ltr'><strong><em>Continet</em></strong></span> <span class='ocrx_word' id='word_1_68' title='bbox 2536 1253 2771 1298; x_wconf 75' lang='lat' dir='ltr'><strong><em>menses</em></strong></span> <span class='ocrx_word' id='word_1_69' title='bbox 2816 1234 3048 1299; x_wconf 76' lang='lat' dir='ltr'><strong><em>iulium</em></strong></span> <span class='ocrx_word' id='word_1_70' title='bbox 3089 1243 3150 1301; x_wconf 75' lang='lat' dir='ltr'><strong><em>et</em></strong></span> 
     </span>
     <span class='ocr_line' id='line_1_8' title="bbox 676 1340 1039 1419; baseline -0.011 -20"><span class='ocrx_word' id='word_1_71' title='bbox 676 1340 1039 1419; x_wconf 75' lang='lat' dir='ltr'><strong><em>anqustum.</em></strong></span> 
     </span>
    </p>

    <p class='ocr_par' dir='ltr' id='par_1_4' title="bbox 675 1428 3151 1718">
     <span class='ocr_line' id='line_1_9' title="bbox 759 1428 3149 1515; baseline -0 -16"><span class='ocrx_word' id='word_1_72' title='bbox 759 1442 837 1499; x_wconf 99' lang='lat' dir='ltr'><strong>M</strong></span> <span class='ocrx_word' id='word_1_73' title='bbox 859 1436 929 1477; x_wconf 68' lang='lat'><strong><em>³¹⁷</em></strong></span> <span class='ocrx_word' id='word_1_74' title='bbox 952 1431 1230 1496; x_wconf 63' lang='lat' dir='ltr'><strong><em>ecodex</em></strong></span> <span class='ocrx_word' id='word_1_75' title='bbox 1282 1433 1572 1515; x_wconf 73' lang='lat' dir='ltr'><strong><em>siynatus</em></strong></span> <span class='ocrx_word' id='word_1_76' title='bbox 1615 1428 1709 1495; x_wconf 81' lang='lat' dir='ltr'><strong><em>M.</em></strong></span> <span class='ocrx_word' id='word_1_77' title='bbox 1730 1430 1793 1511; x_wconf 93' lang='grc'><strong><em>7,</em></strong></span> <span class='ocrx_word' id='word_1_78' title='bbox 1817 1430 1987 1495; x_wconf 82' lang='lat' dir='ltr'><strong><em>olias</em></strong></span> <span class='ocrx_word' id='word_1_79' title='bbox 2029 1431 2174 1514; x_wconf 82' lang='lat'><strong><em>677,</em></strong></span> <span class='ocrx_word' id='word_1_80' title='bbox 2203 1431 2372 1496; x_wconf 77' lang='lat' dir='ltr'><strong><em>alias</em></strong></span> <span class='ocrx_word' id='word_1_81' title='bbox 2414 1430 2502 1496; x_wconf 89' lang='grc' dir='ltr'><strong><em>Η.</em></strong></span> <span class='ocrx_word' id='word_1_82' title='bbox 2533 1434 2639 1511; x_wconf 87' lang='lat'><strong><em>55,</em></strong></span> <span class='ocrx_word' id='word_1_83' title='bbox 2678 1432 2983 1515; x_wconf 80' lang='lat' dir='ltr'><strong><em>foliorum</em></strong></span> <span class='ocrx_word' id='word_1_84' title='bbox 3019 1434 3149 1499; x_wconf 75' lang='lat'><strong><em>348</em></strong></span> 
     </span>
     <span class='ocr_line' id='line_1_10' title="bbox 677 1530 3151 1621; baseline 0.001 -25"><span class='ocrx_word' id='word_1_85' title='bbox 677 1534 891 1617; x_wconf 53' lang='lat'>(0735</span> <span class='ocrx_word' id='word_1_86' title='bbox 917 1549 967 1621; x_wconf 57' lang='lat' dir='ltr'><strong><em>&gt;g</em></strong></span> <span class='ocrx_word' id='word_1_87' title='bbox 1005 1533 1194 1612; x_wconf 59' lang='lat'><strong><em>025).</em></strong></span> <span class='ocrx_word' id='word_1_88' title='bbox 1232 1530 1436 1595; x_wconf 77' lang='lat' dir='ltr'><strong><em>Index</em></strong></span> <span class='ocrx_word' id='word_1_89' title='bbox 1494 1530 1791 1594; x_wconf 78' lang='lat' dir='ltr'><strong><em>Vitarum</em></strong></span> <span class='ocrx_word' id='word_1_90' title='bbox 1826 1530 2053 1614; x_wconf 72' lang='lat' dir='ltr'><strong><em>leqitur</em></strong></span> <span class='ocrx_word' id='word_1_91' title='bbox 2102 1530 2218 1613; x_wconf 82' lang='lat' dir='ltr'><strong><em>fol.</em></strong></span> <span class='ocrx_word' id='word_1_92' title='bbox 2257 1532 2541 1597; x_wconf 76' lang='lat'><strong><em>3470-48.</em></strong></span> <span class='ocrx_word' id='word_1_93' title='bbox 2588 1532 2871 1597; x_wconf 76' lang='lat' dir='ltr'><strong><em>Continet</em></strong></span> <span class='ocrx_word' id='word_1_94' title='bbox 2914 1553 3151 1619; x_wconf 71' lang='lat' dir='ltr'><strong><em>menses</em></strong></span> 
     </span>
     <span class='ocr_line' id='line_1_11' title="bbox 675 1629 1500 1718; baseline -0.007 -19"><span class='ocrx_word' id='word_1_95' title='bbox 675 1632 1073 1718; x_wconf 78' lang='lat' dir='ltr'><strong><em>septembrem</em></strong></span> <span class='ocrx_word' id='word_1_96' title='bbox 1095 1638 1152 1694; x_wconf 89' lang='lat' dir='ltr'><strong><em>et</em></strong></span> <span class='ocrx_word' id='word_1_97' title='bbox 1178 1629 1500 1694; x_wconf 76' lang='lat' dir='ltr'><strong><em>octobrem.</em></strong></span> 
     </span>
    </p>

    <p class='ocr_par' dir='ltr' id='par_1_5' title="bbox 675 1728 3148 1995">
     <span class='ocr_line' id='line_1_12' title="bbox 760 1728 3148 1814; baseline 0 -17"><span class='ocrx_word' id='word_1_98' title='bbox 760 1740 838 1797; x_wconf 99' lang='lat' dir='ltr'><strong>M</strong></span> <span class='ocrx_word' id='word_1_99' title='bbox 859 1734 933 1777; x_wconf 76' lang='lat'><strong><em>¹¹⁸</em></strong></span> <span class='ocrx_word' id='word_1_100' title='bbox 955 1763 1027 1785; x_wconf 89' lang='lat'><em>=</em></span> <span class='ocrx_word' id='word_1_101' title='bbox 1053 1730 1244 1795; x_wconf 78' lang='lat' dir='ltr'><strong><em>codex</em></strong></span> <span class='ocrx_word' id='word_1_102' title='bbox 1270 1731 1560 1814; x_wconf 75' lang='lat' dir='ltr'><strong><em>siqnatus</em></strong></span> <span class='ocrx_word' id='word_1_103' title='bbox 1597 1728 1689 1792; x_wconf 79' lang='lat' dir='ltr'><strong><em>M.</em></strong></span> <span class='ocrx_word' id='word_1_104' title='bbox 1714 1730 1779 1810; x_wconf 83' lang='grc'><strong><em>8,</em></strong></span> <span class='ocrx_word' id='word_1_105' title='bbox 1809 1729 1979 1794; x_wconf 84' lang='lat' dir='ltr'><strong><em>alios</em></strong></span> <span class='ocrx_word' id='word_1_106' title='bbox 2013 1729 2159 1809; x_wconf 88' lang='grc'><strong><em>678,</em></strong></span> <span class='ocrx_word' id='word_1_107' title='bbox 2207 1729 2378 1794; x_wconf 81' lang='lat' dir='ltr'><strong><em>olias</em></strong></span> <span class='ocrx_word' id='word_1_108' title='bbox 2407 1728 2492 1794; x_wconf 89' lang='lat' dir='ltr'><strong><em>H.</em></strong></span> <span class='ocrx_word' id='word_1_109' title='bbox 2522 1732 2625 1811; x_wconf 84' lang='lat'><strong><em>56,</em></strong></span> <span class='ocrx_word' id='word_1_110' title='bbox 2672 1730 2979 1813; x_wconf 80' lang='lat' dir='ltr'><strong><em>foliorum</em></strong></span> <span class='ocrx_word' id='word_1_111' title='bbox 3020 1733 3148 1798; x_wconf 81' lang='lat'><strong><em>265</em></strong></span> 
     </span>
     <span class='ocr_line' id='line_1_13' title="bbox 675 1827 3148 1913; baseline 0 -17"><span class='ocrx_word' id='word_1_112' title='bbox 675 1832 892 1909; x_wconf 74' lang='lat'>(0¹⁸,35</span> <span class='ocrx_word' id='word_1_113' title='bbox 945 1847 998 1897; x_wconf 92' lang='grc'><strong><em>&gt;&lt;</em></strong></span> <span class='ocrx_word' id='word_1_114' title='bbox 1054 1830 1247 1913; x_wconf 89' lang='grc'><strong><em>0,25).</em></strong></span> <span class='ocrx_word' id='word_1_115' title='bbox 1296 1827 1504 1893; x_wconf 71' lang='lat' dir='ltr'><strong><em>Index</em></strong></span> <span class='ocrx_word' id='word_1_116' title='bbox 1568 1827 1867 1892; x_wconf 84' lang='lat' dir='ltr'><strong><em>Vitarum</em></strong></span> <span class='ocrx_word' id='word_1_117' title='bbox 1916 1829 2143 1913; x_wconf 77' lang='lat' dir='ltr'><strong><em>leqitnr</em></strong></span> <span class='ocrx_word' id='word_1_118' title='bbox 2190 1827 2302 1909; x_wconf 83' lang='lat' dir='ltr'><strong><em>fol.</em></strong></span> <span class='ocrx_word' id='word_1_119' title='bbox 2352 1830 2495 1895; x_wconf 81' lang='lat'><strong><em>265.</em></strong></span> <span class='ocrx_word' id='word_1_120' title='bbox 2543 1830 2830 1895; x_wconf 78' lang='lat' dir='ltr'><strong><em>Continet</em></strong></span> <span class='ocrx_word' id='word_1_121' title='bbox 2877 1851 3148 1897; x_wconf 82' lang='lat' dir='ltr'><strong><em>mensem</em></strong></span> 
     </span>
     <span class='ocr_line' id='line_1_14' title="bbox 678 1929 1083 1995; baseline 0 -1"><span class='ocrx_word' id='word_1_122' title='bbox 678 1929 1083 1995; x_wconf 74' lang='lat' dir='ltr'><strong><em>novembrem.</em></strong></span> 
     </span>
    </p>

    <p class='ocr_par' dir='ltr' id='par_1_6' title="bbox 675 2027 3151 2496">
     <span class='ocr_line' id='line_1_15' title="bbox 762 2027 3148 2111; baseline -0.002 -13"><span class='ocrx_word' id='word_1_123' title='bbox 762 2041 840 2098; x_wconf 99' lang='lat' dir='ltr'><strong>M</strong></span> <span class='ocrx_word' id='word_1_124' title='bbox 863 2032 952 2074; x_wconf 79' lang='lat'><strong><em>⁰¹²</em></strong></span> <span class='ocrx_word' id='word_1_125' title='bbox 971 2054 1038 2075; x_wconf 89' lang='lat'><em>=</em></span> <span class='ocrx_word' id='word_1_126' title='bbox 1058 2028 1250 2093; x_wconf 72' lang='lat' dir='ltr'><strong><em>codex</em></strong></span> <span class='ocrx_word' id='word_1_127' title='bbox 1296 2030 1586 2111; x_wconf 77' lang='lat' dir='ltr'><strong><em>siynatns</em></strong></span> <span class='ocrx_word' id='word_1_128' title='bbox 1644 2027 1714 2093; x_wconf 93' lang='lat' dir='ltr'><strong><em>C.</em></strong></span> <span class='ocrx_word' id='word_1_129' title='bbox 1737 2028 1839 2108; x_wconf 82' lang='grc'><strong><em>12,</em></strong></span> <span class='ocrx_word' id='word_1_130' title='bbox 1874 2027 2040 2091; x_wconf 79' lang='lat' dir='ltr'><strong><em>alias</em></strong></span> <span class='ocrx_word' id='word_1_131' title='bbox 2069 2028 2210 2108; x_wconf 74' lang='lat'><strong><em>134,</em></strong></span> <span class='ocrx_word' id='word_1_132' title='bbox 2239 2028 2408 2093; x_wconf 78' lang='lat' dir='ltr'><strong><em>alias</em></strong></span> <span class='ocrx_word' id='word_1_133' title='bbox 2435 2027 2524 2093; x_wconf 89' lang='lat' dir='ltr'><strong><em>H.</em></strong></span> <span class='ocrx_word' id='word_1_134' title='bbox 2553 2030 2656 2108; x_wconf 92' lang='grc'><strong><em>57,</em></strong></span> <span class='ocrx_word' id='word_1_135' title='bbox 2680 2029 2992 2111; x_wconf 73' lang='lat' dir='ltr'><strong><em>foliorum</em></strong></span> <span class='ocrx_word' id='word_1_136' title='bbox 3020 2031 3148 2094; x_wconf 89' lang='grc'><strong><em>275</em></strong></span> 
     </span>
     <span class='ocr_line' id='line_1_16' title="bbox 678 2127 3150 2217; baseline 0.001 -25"><span class='ocrx_word' id='word_1_137' title='bbox 678 2132 933 2217; x_wconf 73' lang='lat'><strong>(0-,290</strong></span> <span class='ocrx_word' id='word_1_138' title='bbox 973 2148 1023 2198; x_wconf 87' lang='lat'><strong><em>&gt;&lt;</em></strong></span> <span class='ocrx_word' id='word_1_139' title='bbox 1050 2129 1286 2211; x_wconf 57' lang='lat'><strong><em>0215),</em></strong></span> <span class='ocrx_word' id='word_1_140' title='bbox 1305 2134 1564 2212; x_wconf 82' lang='lat' dir='ltr'><strong><em>praeter</em></strong></span> <span class='ocrx_word' id='word_1_141' title='bbox 1592 2147 1790 2191; x_wconf 82' lang='lat' dir='ltr'><strong><em>unum</em></strong></span> <span class='ocrx_word' id='word_1_142' title='bbox 1821 2127 1997 2190; x_wconf 84' lang='lat' dir='ltr'><strong><em>nullo</em></strong></span> <span class='ocrx_word' id='word_1_143' title='bbox 2024 2147 2285 2190; x_wconf 83' lang='lat' dir='ltr'><strong><em>numero</em></strong></span> <span class='ocrx_word' id='word_1_144' title='bbox 2319 2135 2607 2192; x_wconf 80' lang='lat' dir='ltr'><strong><em>notatum</em></strong></span> <span class='ocrx_word' id='word_1_145' title='bbox 2632 2130 2701 2192; x_wconf 85' lang='lat' dir='ltr'><strong><em>in</em></strong></span> <span class='ocrx_word' id='word_1_146' title='bbox 2729 2130 2914 2193; x_wconf 88' lang='lat' dir='ltr'><strong><em>initio</em></strong></span> <span class='ocrx_word' id='word_1_147' title='bbox 2918 2153 2949 2212; x_wconf 88' lang='grc'><strong><em>,·</em></strong></span> <span class='ocrx_word' id='word_1_148' title='bbox 2972 2129 3150 2195; x_wconf 72' lang='lat' dir='ltr'><strong><em>istud</em></strong></span> 
     </span>
     <span class='ocr_line' id='line_1_17' title="bbox 676 2227 3148 2313; baseline -0.001 -16"><span class='ocrx_word' id='word_1_149' title='bbox 676 2240 888 2297; x_wconf 79' lang='lat' dir='ltr'><strong><em>autem</em></strong></span> <span class='ocrx_word' id='word_1_150' title='bbox 932 2231 1253 2313; x_wconf 78' lang='lat' dir='ltr'><strong><em>scriptura</em></strong></span> <span class='ocrx_word' id='word_1_151' title='bbox 1296 2234 1502 2308; x_wconf 81' lang='lat' dir='ltr'><strong><em>cacat,</em></strong></span> <span class='ocrx_word' id='word_1_152' title='bbox 1528 2229 1693 2291; x_wconf 76' lang='lat' dir='ltr'><strong><em>sicut</em></strong></span> <span class='ocrx_word' id='word_1_153' title='bbox 1733 2227 1921 2290; x_wconf 84' lang='lat' dir='ltr'><strong><em>etiam</em></strong></span> <span class='ocrx_word' id='word_1_154' title='bbox 1944 2246 2141 2309; x_wconf 78' lang='lat' dir='ltr'><strong><em>paene</em></strong></span> <span class='ocrx_word' id='word_1_155' title='bbox 2167 2233 2359 2291; x_wconf 81' lang='lat' dir='ltr'><strong><em>totum</em></strong></span> <span class='ocrx_word' id='word_1_156' title='bbox 2400 2227 2518 2309; x_wconf 79' lang='lat' dir='ltr'><strong><em>fol.</em></strong></span> <span class='ocrx_word' id='word_1_157' title='bbox 2566 2229 2691 2291; x_wconf 83' lang='lat'><strong><em>273</em></strong></span> <span class='ocrx_word' id='word_1_158' title='bbox 2717 2235 2773 2293; x_wconf 90' lang='lat' dir='ltr'><strong><em>et</em></strong></span> <span class='ocrx_word' id='word_1_159' title='bbox 2795 2228 2962 2312; x_wconf 81' lang='lat' dir='ltr'><strong><em>folia</em></strong></span> <span class='ocrx_word' id='word_1_160' title='bbox 3001 2230 3148 2311; x_wconf 74' lang='lat'><strong><em>274,</em></strong></span> 
     </span>
     <span class='ocr_line' id='line_1_18' title="bbox 677 2325 3151 2411; baseline -0.001 -15"><span class='ocrx_word' id='word_1_161' title='bbox 677 2333 820 2396; x_wconf 86' lang='lat'><strong><em>275.</em></strong></span> <span class='ocrx_word' id='word_1_162' title='bbox 850 2327 1165 2395; x_wconf 78' lang='lat' dir='ltr'><strong><em>Elenchus</em></strong></span> <span class='ocrx_word' id='word_1_163' title='bbox 1219 2326 1514 2391; x_wconf 80' lang='lat' dir='ltr'><strong><em>Vitarum</em></strong></span> <span class='ocrx_word' id='word_1_164' title='bbox 1545 2326 1777 2411; x_wconf 75' lang='lat' dir='ltr'><strong><em>leqitw·</em></strong></span> <span class='ocrx_word' id='word_1_165' title='bbox 1808 2325 1922 2408; x_wconf 83' lang='lat' dir='ltr'><strong><em>fol.</em></strong></span> <span class='ocrx_word' id='word_1_166' title='bbox 1950 2326 2232 2391; x_wconf 68' lang='lat'><strong><em>2720-73.</em></strong></span> <span class='ocrx_word' id='word_1_167' title='bbox 2283 2326 2567 2391; x_wconf 79' lang='lat' dir='ltr'><strong><em>Continet</em></strong></span> <span class='ocrx_word' id='word_1_168' title='bbox 2607 2348 2873 2393; x_wconf 73' lang='lat' dir='ltr'><strong><em>mensem</em></strong></span> <span class='ocrx_word' id='word_1_169' title='bbox 2910 2328 3151 2394; x_wconf 83' lang='lat' dir='ltr'><strong><em>decem-</em></strong></span> 
     </span>
     <span class='ocr_line' id='line_1_19' title="bbox 675 2431 863 2496; baseline -0.016 0"><span class='ocrx_word' id='word_1_170' title='bbox 675 2431 863 2496; x_wconf 67' lang='lat' dir='ltr'><strong><em>brein.</em></strong></span> 
     </span>
    </p>

    <p class='ocr_par' dir='ltr' id='par_1_7' title="bbox 678 2511 3150 2913">
     <span class='ocr_line' id='line_1_20' title="bbox 763 2511 3146 2612; baseline -0.001 -18"><span class='ocrx_word' id='word_1_171' title='bbox 763 2527 831 2594; x_wconf 83' lang='lat' dir='ltr'><em>F</em></span> <span class='ocrx_word' id='word_1_172' title='bbox 825 2528 951 2593; x_wconf 83' lang='lat' dir='ltr'><strong><em>olio</em></strong></span> <span class='ocrx_word' id='word_1_173' title='bbox 1003 2526 1293 2590; x_wconf 79' lang='lat' dir='ltr'><strong><em>intere‘ori</em></strong></span> <span class='ocrx_word' id='word_1_174' title='bbox 1340 2527 1528 2610; x_wconf 81' lang='lat' dir='ltr'><strong><em>parti</em></strong></span> <span class='ocrx_word' id='word_1_175' title='bbox 1578 2530 1923 2609; x_wconf 76' lang='lat' dir='ltr'><strong><em>tequmento</em></strong></span> <span class='ocrx_word' id='word_1_176' title='bbox 1972 2524 2366 2609; x_wconf 75' lang='lat' dir='ltr'><strong><em>aqqlutinata</em></strong></span> <span class='ocrx_word' id='word_1_177' title='bbox 2421 2526 2735 2589; x_wconf 78' lang='lat' dir='ltr'><strong><em>continent</em></strong></span> <span class='ocrx_word' id='word_1_178' title='bbox 2784 2511 3146 2612; x_wconf 73' lang='lat' dir='ltr'><strong><em>cataloqum</em></strong></span> 
     </span>
     <span class='ocr_line' id='line_1_21' title="bbox 679 2614 3150 2710; baseline -0 -16"><span class='ocrx_word' id='word_1_179' title='bbox 679 2629 985 2694; x_wconf 82' lang='lat' dir='ltr'><strong><em>librorum</em></strong></span> <span class='ocrx_word' id='word_1_180' title='bbox 1017 2624 1409 2690; x_wconf 78' lang='lat' dir='ltr'><strong><em>bibliothecae</em></strong></span> <span class='ocrx_word' id='word_1_181' title='bbox 1435 2614 1817 2688; x_wconf 77' lang='lat' dir='ltr'><strong><em>Mellicensis</em></strong></span> <span class='ocrx_word' id='word_1_182' title='bbox 1841 2644 1998 2688; x_wconf 84' lang='lat' dir='ltr'><strong><em>saec.</em></strong></span> <span class='ocrx_word' id='word_1_183' title='bbox 2031 2622 2103 2688; x_wconf 88' lang='lat' dir='ltr'><em>X</em></span> <span class='ocrx_word' id='word_1_184' title='bbox 2118 2623 2197 2706; x_wconf 82' lang='lat' dir='ltr'><strong><em>V,·</em></strong></span> <span class='ocrx_word' id='word_1_185' title='bbox 2222 2623 2334 2688; x_wconf 84' lang='lat' dir='ltr'><strong><em>sed</em></strong></span> <span class='ocrx_word' id='word_1_186' title='bbox 2357 2631 2413 2688; x_wconf 92' lang='lat' dir='ltr'><strong><em>et</em></strong></span> <span class='ocrx_word' id='word_1_187' title='bbox 2453 2632 2871 2710; x_wconf 76' lang='lat' dir='ltr'><strong><em>tequmentum</em></strong></span> <span class='ocrx_word' id='word_1_188' title='bbox 2897 2627 3064 2691; x_wconf 86' lang='lat' dir='ltr'><strong><em>inter</em></strong></span> <span class='ocrx_word' id='word_1_189' title='bbox 3092 2633 3150 2693; x_wconf 87' lang='lat' dir='ltr'><strong><em>et</em></strong></span> 
     </span>
     <span class='ocr_line' id='line_1_22' title="bbox 678 2723 3150 2816; baseline -0 -22"><span class='ocrx_word' id='word_1_190' title='bbox 678 2732 890 2816; x_wconf 70' lang='lat' dir='ltr'><strong><em>ipsum</em></strong></span> <span class='ocrx_word' id='word_1_191' title='bbox 919 2727 1186 2809; x_wconf 83' lang='lat' dir='ltr'><strong><em>codicem</em></strong></span> <span class='ocrx_word' id='word_1_192' title='bbox 1232 2728 1476 2790; x_wconf 79' lang='lat' dir='ltr'><strong><em>inserta</em></strong></span> <span class='ocrx_word' id='word_1_193' title='bbox 1504 2731 1654 2788; x_wconf 79' lang='lat' dir='ltr'><strong><em>sunt</em></strong></span> <span class='ocrx_word' id='word_1_194' title='bbox 1678 2723 1843 2807; x_wconf 83' lang='lat' dir='ltr'><strong><em>folia</em></strong></span> <span class='ocrx_word' id='word_1_195' title='bbox 1885 2724 2165 2788; x_wconf 79' lang='lat' dir='ltr'><strong><em>insiticia</em></strong></span> <span class='ocrx_word' id='word_1_196' title='bbox 2193 2724 2368 2788; x_wconf 81' lang='lat' dir='ltr'><strong><em>nullo</em></strong></span> <span class='ocrx_word' id='word_1_197' title='bbox 2397 2746 2657 2790; x_wconf 82' lang='lat' dir='ltr'><strong><em>numero</em></strong></span> <span class='ocrx_word' id='word_1_198' title='bbox 2685 2727 2963 2809; x_wconf 71' lang='lat' dir='ltr'><strong><em>siquam,</em></strong></span> <span class='ocrx_word' id='word_1_199' title='bbox 2990 2748 3150 2813; x_wconf 80' lang='lat' dir='ltr'><strong><em>quae</em></strong></span> 
     </span>
     <span class='ocr_line' id='line_1_23' title="bbox 679 2822 2582 2913; baseline -0.003 -18"><span class='ocrx_word' id='word_1_200' title='bbox 679 2829 969 2913; x_wconf 80' lang='lat' dir='ltr'><strong><em>decerpta</em></strong></span> <span class='ocrx_word' id='word_1_201' title='bbox 992 2832 1139 2891; x_wconf 78' lang='lat' dir='ltr'><strong><em>sunt</em></strong></span> <span class='ocrx_word' id='word_1_202' title='bbox 1166 2847 1242 2890; x_wconf 76' lang='lat' dir='ltr'><strong><em>ex</em></strong></span> <span class='ocrx_word' id='word_1_203' title='bbox 1262 2824 1467 2889; x_wconf 84' lang='lat' dir='ltr'><strong><em>codice</em></strong></span> <span class='ocrx_word' id='word_1_204' title='bbox 1495 2824 1773 2909; x_wconf 76' lang='lat' dir='ltr'><strong><em>quodam</em></strong></span> <span class='ocrx_word' id='word_1_205' title='bbox 1786 2822 2215 2907; x_wconf 79' lang='lat' dir='ltr'><strong><em>philosophico</em></strong></span> <span class='ocrx_word' id='word_1_206' title='bbox 2242 2844 2400 2890; x_wconf 82' lang='lat' dir='ltr'><strong><em>saec.</em></strong></span> <span class='ocrx_word' id='word_1_207' title='bbox 2423 2823 2582 2889; x_wconf 85' lang='lat' dir='ltr'><strong><em>XV.</em></strong></span> 
     </span>
    </p>

    <p class='ocr_par' dir='ltr' id='par_1_8' title="bbox 600 2923 3156 3510">
     <span class='ocr_line' id='line_1_24' title="bbox 764 2923 3153 3011; baseline 0 -19"><span class='ocrx_word' id='word_1_208' title='bbox 764 2928 1055 2993; x_wconf 80' lang='lat' dir='ltr'><strong><em>Iamvero</em></strong></span> <span class='ocrx_word' id='word_1_209' title='bbox 1077 2927 1349 3011; x_wconf 78' lang='lat' dir='ltr'><strong><em>quinque</em></strong></span> <span class='ocrx_word' id='word_1_210' title='bbox 1366 2925 1603 3009; x_wconf 74' lang='lat' dir='ltr'><strong><em>priora</em></strong></span> <span class='ocrx_word' id='word_1_211' title='bbox 1626 2923 1951 2987; x_wconf 80' lang='lat' dir='ltr'><strong><em>columina</em></strong></span> <span class='ocrx_word' id='word_1_212' title='bbox 1972 2943 2104 2986; x_wconf 84' lang='lat' dir='ltr'><strong><em>una</em></strong></span> <span class='ocrx_word' id='word_1_213' title='bbox 2131 2944 2328 2986; x_wconf 81' lang='lat' dir='ltr'><strong><em>manu</em></strong></span> <span class='ocrx_word' id='word_1_214' title='bbox 2352 2931 2619 2988; x_wconf 69' lang='lat' dir='ltr'><strong><em>exarata</em></strong></span> <span class='ocrx_word' id='word_1_215' title='bbox 2650 2933 2817 3003; x_wconf 80' lang='lat' dir='ltr'><strong><em>sunt,</em></strong></span> <span class='ocrx_word' id='word_1_216' title='bbox 2837 2926 3153 2992; x_wconf 79' lang='lat' dir='ltr'><strong><em>nimirum</em></strong></span> 
     </span>
     <span class='ocr_line' id='line_1_25' title="bbox 684 3021 3154 3110; baseline -0 -17"><span class='ocrx_word' id='word_1_217' title='bbox 684 3026 1123 3110; x_wconf 73' lang='lat' dir='ltr'><strong><em>Christoplaeori</em></strong></span> <span class='ocrx_word' id='word_1_218' title='bbox 1160 3022 1335 3106; x_wconf 83' lang='lat' dir='ltr'><strong><em>Lieb,</em></strong></span> <span class='ocrx_word' id='word_1_219' title='bbox 1366 3025 1477 3110; x_wconf 84' lang='lat' dir='ltr'><strong><em>qui</em></strong></span> <span class='ocrx_word' id='word_1_220' title='bbox 1505 3043 1677 3087; x_wconf 91' lang='lat' dir='ltr'><strong><em>anno</em></strong></span> <span class='ocrx_word' id='word_1_221' title='bbox 1706 3021 1874 3086; x_wconf 73' lang='lat'><strong><em>1448</em></strong></span> <span class='ocrx_word' id='word_1_222' title='bbox 1903 3024 1965 3085; x_wconf 82' lang='lat' dir='ltr'><strong><em>in</em></strong></span> <span class='ocrx_word' id='word_1_223' title='bbox 1999 3022 2349 3088; x_wconf 77' lang='lat' dir='ltr'><strong><em>Mellicense</em></strong></span> <span class='ocrx_word' id='word_1_224' title='bbox 2389 3026 2842 3088; x_wconf 78' lang='lat' dir='ltr'><strong><em>monasterinm</em></strong></span> <span class='ocrx_word' id='word_1_225' title='bbox 2871 3032 3154 3110; x_wconf 75' lang='lat' dir='ltr'><strong><em>receptus</em></strong></span> 
     </span>
     <span class='ocr_line' id='line_1_26' title="bbox 680 3123 3156 3206; baseline -0 -15"><span class='ocrx_word' id='word_1_226' title='bbox 680 3135 737 3192; x_wconf 91' lang='lat' dir='ltr'><strong><em>et</em></strong></span> <span class='ocrx_word' id='word_1_227' title='bbox 780 3147 950 3190; x_wconf 87' lang='lat' dir='ltr'><strong><em>anno</em></strong></span> <span class='ocrx_word' id='word_1_228' title='bbox 980 3125 1146 3189; x_wconf 74' lang='lat'><strong><em>1449</em></strong></span> <span class='ocrx_word' id='word_1_229' title='bbox 1185 3123 1409 3188; x_wconf 81' lang='lat' dir='ltr'><strong><em>ibidem</em></strong></span> <span class='ocrx_word' id='word_1_230' title='bbox 1435 3123 1767 3206; x_wconf 77' lang='lat' dir='ltr'><strong><em>professus</em></strong></span> <span class='ocrx_word' id='word_1_231' title='bbox 1810 3123 1925 3205; x_wconf 87' lang='lat'><em>(1),</em></span> <span class='ocrx_word' id='word_1_232' title='bbox 1951 3123 2138 3185; x_wconf 86' lang='lat' dir='ltr'><strong><em>etiam</em></strong></span> <span class='ocrx_word' id='word_1_233' title='bbox 2177 3142 2348 3185; x_wconf 86' lang='lat' dir='ltr'><strong><em>anno</em></strong></span> <span class='ocrx_word' id='word_1_234' title='bbox 2392 3123 2554 3186; x_wconf 83' lang='lat'><strong><em>1471</em></strong></span> <span class='ocrx_word' id='word_1_235' title='bbox 2583 3125 2654 3186; x_wconf 90' lang='lat' dir='ltr'><strong><em>in</em></strong></span> <span class='ocrx_word' id='word_1_236' title='bbox 2681 3123 3009 3189; x_wconf 73' lang='lat' dir='ltr'><strong><em>exarando</em></strong></span> <span class='ocrx_word' id='word_1_237' title='bbox 3037 3124 3156 3190; x_wconf 73' lang='lat' dir='ltr'><strong><em>hoc</em></strong></span> 
     </span>
     <span class='ocr_line' id='line_1_27' title="bbox 681 3218 3156 3311; baseline -0.001 -20"><span class='ocrx_word' id='word_1_238' title='bbox 681 3226 1039 3311; x_wconf 71' lang='lat' dir='ltr'><strong><em>leyendario</em></strong></span> <span class='ocrx_word' id='word_1_239' title='bbox 1078 3222 1383 3308; x_wconf 75' lang='lat' dir='ltr'><strong><em>peryebat.</em></strong></span> <span class='ocrx_word' id='word_1_240' title='bbox 1439 3221 1623 3302; x_wconf 82' lang='lat' dir='ltr'><strong><em>Quod</em></strong></span> <span class='ocrx_word' id='word_1_241' title='bbox 1666 3224 2084 3305; x_wconf 72' lang='lat' dir='ltr'><strong><em>comperimus</em></strong></span> <span class='ocrx_word' id='word_1_242' title='bbox 2117 3218 2234 3284; x_wconf 81' lang='lat' dir='ltr'><strong><em>hac</em></strong></span> <span class='ocrx_word' id='word_1_243' title='bbox 2273 3228 2446 3303; x_wconf 86' lang='lat' dir='ltr'><strong><em>nota,</em></strong></span> <span class='ocrx_word' id='word_1_244' title='bbox 2487 3243 2678 3307; x_wconf 78' lang='lat' dir='ltr'><strong><em>quam</em></strong></span> <span class='ocrx_word' id='word_1_245' title='bbox 2708 3244 2908 3288; x_wconf 79' lang='lat' dir='ltr'><strong><em>manu</em></strong></span> <span class='ocrx_word' id='word_1_246' title='bbox 2943 3225 3156 3308; x_wconf 74' lang='lat' dir='ltr'><strong><em>ipsius</em></strong></span> 
     </span>
     <span class='ocr_line' id='line_1_28' title="bbox 600 3319 3156 3410; baseline -0.001 -19"><span class='ocrx_word' id='word_1_247' title='bbox 600 3331 601 3334; x_wconf 73' lang='grc'>’</span> <span class='ocrx_word' id='word_1_248' title='bbox 680 3328 985 3410; x_wconf 72' lang='lat' dir='ltr'><strong><em>scriptam</em></strong></span> <span class='ocrx_word' id='word_1_249' title='bbox 1014 3324 1277 3407; x_wconf 73' lang='lat' dir='ltr'><strong><em>leqimus</em></strong></span> <span class='ocrx_word' id='word_1_250' title='bbox 1298 3323 1362 3385; x_wconf 88' lang='lat' dir='ltr'><strong><em>in</em></strong></span> <span class='ocrx_word' id='word_1_251' title='bbox 1393 3322 1600 3386; x_wconf 85' lang='lat' dir='ltr'><strong><em>codice</em></strong></span> <span class='ocrx_word' id='word_1_252' title='bbox 1627 3320 1999 3406; x_wconf 74' lang='lat' dir='ltr'><strong><em>siqnato-M.</em></strong></span> <span class='ocrx_word' id='word_1_253' title='bbox 2023 3320 2081 3400; x_wconf 73' lang='lat'><strong><em>7,</em></strong></span> <span class='ocrx_word' id='word_1_254' title='bbox 2105 3319 2219 3402; x_wconf 80' lang='lat' dir='ltr'><strong><em>fol.</em></strong></span> <span class='ocrx_word' id='word_1_255' title='bbox 2246 3321 2553 3405; x_wconf 77' lang='lat' dir='ltr'><strong><em>343,post</em></strong></span> <span class='ocrx_word' id='word_1_256' title='bbox 2596 3321 2810 3386; x_wconf 84' lang='lat' dir='ltr'><strong><em>Vitam</em></strong></span> <span class='ocrx_word' id='word_1_257' title='bbox 2841 3321 2908 3388; x_wconf 83' lang='lat' dir='ltr'><strong><em>S.</em></strong></span> <span class='ocrx_word' id='word_1_258' title='bbox 2945 3322 3156 3406; x_wconf 82' lang='lat' dir='ltr'><strong><em>Wolf-</em></strong></span> 
     </span>
     <span class='ocr_line' id='line_1_29' title="bbox 679 3420 2771 3510; baseline -0.001 -21"><span class='ocrx_word' id='word_1_259' title='bbox 679 3424 882 3510; x_wconf 77' lang='lat' dir='ltr'><strong><em>kanyi</em></strong></span> <span class='ocrx_word' id='word_1_260' title='bbox 900 3447 922 3488; x_wconf 92' lang='lat'><strong><em>.·</em></strong></span> <span class='ocrx_word' id='word_1_261' title='bbox 942 3422 1234 3506; x_wconf 84' lang='lat' dir='ltr'><strong><em>Explicit.</em></strong></span> <span class='ocrx_word' id='word_1_262' title='bbox 1257 3421 1515 3486; x_wconf 79' lang='lat' dir='ltr'><strong><em>Milleno</em></strong></span> <span class='ocrx_word' id='word_1_263' title='bbox 1545 3420 2108 3503; x_wconf 82' lang='lat' dir='ltr'><strong><em>quadringenteno</em></strong></span> <span class='ocrx_word' id='word_1_264' title='bbox 2136 3424 2537 3503; x_wconf 82' lang='lat' dir='ltr'><strong><em>septuageno</em></strong></span> <span class='ocrx_word' id='word_1_265' title='bbox 2557 3421 2771 3504; x_wconf 89' lang='lat' dir='ltr'><strong><em>primo</em></strong></span> 
     </span>
    </p>

    <p class='ocr_par' dir='ltr' id='par_1_9' title="bbox 932 3519 2489 3602">
     <span class='ocr_line' id='line_1_30' title="bbox 932 3519 2489 3602; baseline -0.002 -14"><span class='ocrx_word' id='word_1_266' title='bbox 932 3521 1172 3589; x_wconf 79' lang='lat' dir='ltr'><strong><em>Christi</em></strong></span> <span class='ocrx_word' id='word_1_267' title='bbox 1193 3526 1573 3586; x_wconf 85' lang='lat' dir='ltr'><strong><em>sanctorum</em></strong></span> <span class='ocrx_word' id='word_1_268' title='bbox 1596 3519 1828 3584; x_wconf 79' lang='lat' dir='ltr'><strong><em>Meuici</em></strong></span> <span class='ocrx_word' id='word_1_269' title='bbox 1850 3519 2209 3602; x_wconf 86' lang='lat' dir='ltr'><strong><em>completur</em></strong></span> <span class='ocrx_word' id='word_1_270' title='bbox 2228 3519 2295 3584; x_wconf 89' lang='lat' dir='ltr'><strong><em>in</em></strong></span> <span class='ocrx_word' id='word_1_271' title='bbox 2315 3539 2489 3585; x_wconf 87' lang='lat' dir='ltr'><strong><em>anno</em></strong></span> 
     </span>
    </p>

    <p class='ocr_par' dir='ltr' id='par_1_10' title="bbox 925 3618 2858 3899">
     <span class='ocr_line' id='line_1_31' title="bbox 926 3618 2858 3703; baseline -0.002 -15"><span class='ocrx_word' id='word_1_272' title='bbox 926 3622 1253 3689; x_wconf 81' lang='lat' dir='ltr'><strong><em>Praesens</em></strong></span> <span class='ocrx_word' id='word_1_273' title='bbox 1283 3625 1525 3703; x_wconf 85' lang='lat' dir='ltr'><strong><em>quarta</em></strong></span> <span class='ocrx_word' id='word_1_274' title='bbox 1554 3619 1976 3702; x_wconf 80' lang='lat' dir='ltr'><strong><em>legendarum</em></strong></span> <span class='ocrx_word' id='word_1_275' title='bbox 2001 3638 2175 3701; x_wconf 74' lang='lat' dir='ltr'><strong><em>pam,</em></strong></span> <span class='ocrx_word' id='word_1_276' title='bbox 2204 3618 2577 3703; x_wconf 85' lang='lat' dir='ltr'><strong><em>scriptaque</em></strong></span> <span class='ocrx_word' id='word_1_277' title='bbox 2605 3638 2726 3701; x_wconf 85' lang='lat' dir='ltr'><strong><em>per</em></strong></span> <span class='ocrx_word' id='word_1_278' title='bbox 2750 3639 2858 3686; x_wconf 85' lang='lat' dir='ltr'><strong><em>me</em></strong></span> 
     </span>
     <span class='ocr_line' id='line_1_32' title="bbox 928 3716 2716 3800; baseline -0.001 -15"><span class='ocrx_word' id='word_1_279' title='bbox 928 3720 1227 3785; x_wconf 84' lang='lat' dir='ltr'><strong><em>Fratrem</em></strong></span> <span class='ocrx_word' id='word_1_280' title='bbox 1248 3717 1684 3784; x_wconf 83' lang='lat' dir='ltr'><strong><em>Mellieensem</em></strong></span> <span class='ocrx_word' id='word_1_281' title='bbox 1708 3718 1952 3782; x_wconf 84' lang='lat' dir='ltr'><strong><em>dictum</em></strong></span> <span class='ocrx_word' id='word_1_282' title='bbox 1976 3716 2520 3800; x_wconf 82' lang='lat' dir='ltr'><strong><em>Christophorum</em></strong></span> <span class='ocrx_word' id='word_1_283' title='bbox 2538 3718 2716 3784; x_wconf 86' lang='lat' dir='ltr'><strong><em>Lieb.</em></strong></span> 
     </span>
     <span class='ocr_line' id='line_1_33' title="bbox 925 3816 2340 3899; baseline -0.002 -15"><span class='ocrx_word' id='word_1_284' title='bbox 925 3819 1056 3885; x_wconf 90' lang='lat' dir='ltr'><strong><em>Pro</em></strong></span> <span class='ocrx_word' id='word_1_285' title='bbox 1081 3819 1262 3884; x_wconf 83' lang='lat' dir='ltr'><strong><em>cuius</em></strong></span> <span class='ocrx_word' id='word_1_286' title='bbox 1283 3818 1413 3883; x_wconf 86' lang='lat' dir='ltr'><strong><em>fine</em></strong></span> <span class='ocrx_word' id='word_1_287' title='bbox 1438 3818 1581 3884; x_wconf 88' lang='lat' dir='ltr'><strong><em>laus</em></strong></span> <span class='ocrx_word' id='word_1_288' title='bbox 1605 3820 1672 3882; x_wconf 86' lang='lat' dir='ltr'><strong><em>et</em></strong></span> <span class='ocrx_word' id='word_1_289' title='bbox 1697 3817 1909 3882; x_wconf 89' lang='lat' dir='ltr'><strong><em>honor</em></strong></span> <span class='ocrx_word' id='word_1_290' title='bbox 1928 3816 2206 3882; x_wconf 89' lang='lat' dir='ltr'><strong><em>Domino</em></strong></span> <span class='ocrx_word' id='word_1_291' title='bbox 2225 3817 2340 3899; x_wconf 69' lang='lat'><strong><em>(2).</em></strong></span> 
     </span>
    </p>
   </div>
   <div class='ocr_carea' id='block_1_3' title="bbox 638 3966 3160 4234">
    <p class='ocr_par' dir='ltr' id='par_1_11' title="bbox 638 3966 3160 4234">
     <span class='ocr_line' id='line_1_34' title="bbox 767 3966 3159 4051; baseline 0 -16"><span class='ocrx_word' id='word_1_292' title='bbox 767 3971 1025 4035; x_wconf 69' lang='lat' dir='ltr'><strong><em>Sextum</em></strong></span> <span class='ocrx_word' id='word_1_293' title='bbox 1068 3971 1257 4034; x_wconf 85' lang='lat' dir='ltr'><strong><em>etiam</em></strong></span> <span class='ocrx_word' id='word_1_294' title='bbox 1303 3969 1590 4050; x_wconf 85' lang='lat' dir='ltr'><strong><em>codicem,</em></strong></span> <span class='ocrx_word' id='word_1_295' title='bbox 1620 3966 1853 4032; x_wconf 81' lang='lat' dir='ltr'><strong><em>librum</em></strong></span> <span class='ocrx_word' id='word_1_296' title='bbox 1895 3986 2113 4051; x_wconf 81' lang='lat' dir='ltr'><strong><em>nempe</em></strong></span> <span class='ocrx_word' id='word_1_297' title='bbox 2151 3967 2549 4032; x_wconf 77' lang='lat' dir='ltr'><strong><em>chartaceum</em></strong></span> <span class='ocrx_word' id='word_1_298' title='bbox 2601 3970 2670 4033; x_wconf 91' lang='lat' dir='ltr'><strong><em>C.</em></strong></span> <span class='ocrx_word' id='word_1_299' title='bbox 2701 3971 2803 4050; x_wconf 89' lang='grc'><strong><em>12,</em></strong></span> <span class='ocrx_word' id='word_1_300' title='bbox 2832 3968 2911 4033; x_wconf 79' lang='lat' dir='ltr'><strong><em>ab</em></strong></span> <span class='ocrx_word' id='word_1_301' title='bbox 2939 3969 3159 4035; x_wconf 80' lang='lat' dir='ltr'><strong><em>eodem</em></strong></span> 
     </span>
     <span class='ocr_line' id='line_1_35' title="bbox 686 4066 3160 4154; baseline -0 -18"><span class='ocrx_word' id='word_1_302' title='bbox 686 4069 1131 4154; x_wconf 69' lang='lat' dir='ltr'><strong><em>Chi-iatophoro</em></strong></span> <span class='ocrx_word' id='word_1_303' title='bbox 1159 4070 1467 4152; x_wconf 71' lang='lat' dir='ltr'><strong><em>scriptum</em></strong></span> <span class='ocrx_word' id='word_1_304' title='bbox 1496 4087 1641 4149; x_wconf 76' lang='lat' dir='ltr'><strong><em>esse,</em></strong></span> <span class='ocrx_word' id='word_1_305' title='bbox 1670 4073 1743 4130; x_wconf 78' lang='lat' dir='ltr'><strong><em>at</em></strong></span> <span class='ocrx_word' id='word_1_306' title='bbox 1771 4087 1895 4130; x_wconf 90' lang='lat' dir='ltr'><strong><em>non</em></strong></span> <span class='ocrx_word' id='word_1_307' title='bbox 1935 4087 2183 4149; x_wconf 75' lang='lat' dir='ltr'><strong><em>neyare,</em></strong></span> <span class='ocrx_word' id='word_1_308' title='bbox 2208 4068 2302 4130; x_wconf 83' lang='lat' dir='ltr'><strong><em>ita</em></strong></span> <span class='ocrx_word' id='word_1_309' title='bbox 2329 4066 2524 4131; x_wconf 84' lang='lat' dir='ltr'><strong><em>multo</em></strong></span> <span class='ocrx_word' id='word_1_310' title='bbox 2565 4069 2778 4133; x_wconf 72' lang='lat' dir='ltr'><strong><em>minna</em></strong></span> <span class='ocrx_word' id='word_1_311' title='bbox 2816 4068 3160 4151; x_wconf 82' lang='lat' dir='ltr'><strong><em>offirmare</em></strong></span> 
     </span>
     <span class='ocr_line' id='line_1_36' title="bbox 638 4171 905 4234; baseline 0.004 -1"><span class='ocrx_word' id='word_1_312' title='bbox 638 4201 643 4204; x_wconf 93' lang='lat'>·</span> <span class='ocrx_word' id='word_1_313' title='bbox 686 4171 905 4234; x_wconf 74' lang='lat' dir='ltr'><strong><em>audeo.</em></strong></span> 
     </span>
    </p>
   </div>
   <div class='ocr_carea' id='block_1_4' title="bbox 630 4411 3164 4972">
    <p class='ocr_par' dir='ltr' id='par_1_12' title="bbox 630 4411 3164 4972">
     <span class='ocr_line' id='line_1_37' title="bbox 725 4411 3162 4486; baseline 0 -14"><span class='ocrx_word' id='word_1_314' title='bbox 725 4419 818 4485; x_wconf 77' lang='lat'><strong><em>(1)</em></strong></span> <span class='ocrx_word' id='word_1_315' title='bbox 855 4417 974 4471; x_wconf 71' lang='lat' dir='ltr'><strong><em>vid.</em></strong></span> <span class='ocrx_word' id='word_1_316' title='bbox 1008 4416 1079 4470; x_wconf 79' lang='lat' dir='ltr'><strong><em>M.</em></strong></span> <span class='ocrx_word' id='word_1_317' title='bbox 1111 4415 1340 4477; x_wconf 72' lang='lat' dir='ltr'><strong><em>Knom.</em></strong></span> <span class='ocrx_word' id='word_1_318' title='bbox 1362 4432 1447 4482; x_wconf 85' lang='lat' dir='ltr'><strong><em>op.</em></strong></span> <span class='ocrx_word' id='word_1_319' title='bbox 1470 4417 1575 4476; x_wconf 77' lang='lat' dir='ltr'><strong><em>cit..</em></strong></span> <span class='ocrx_word' id='word_1_320' title='bbox 1597 4429 1653 4481; x_wconf 88' lang='lat' dir='ltr'><strong><em>p.</em></strong></span> <span class='ocrx_word' id='word_1_321' title='bbox 1688 4414 1806 4467; x_wconf 82' lang='lat'><strong><em>317.</em></strong></span> <span class='ocrx_word' id='word_1_322' title='bbox 1841 4411 2188 4466; x_wconf 81' lang='lat' dir='ltr'><strong><em>Existimavit</em></strong></span> <span class='ocrx_word' id='word_1_323' title='bbox 2217 4412 2490 4481; x_wconf 81' lang='lat' dir='ltr'><strong><em>Kropffius</em></strong></span> <span class='ocrx_word' id='word_1_324' title='bbox 2513 4413 2723 4482; x_wconf 82' lang='lat' dir='ltr'><strong><em>abipso</em></strong></span> <span class='ocrx_word' id='word_1_325' title='bbox 2754 4414 3162 4486; x_wconf 80' lang='lat' dir='ltr'><strong><em>christophoro</em></strong></span> 
     </span>
     <span class='ocr_line' id='line_1_38' title="bbox 680 4494 3162 4565; baseline 0 -9"><span class='ocrx_word' id='word_1_326' title='bbox 680 4501 974 4556; x_wconf 81' lang='lat' dir='ltr'><strong><em>collectum</em></strong></span> <span class='ocrx_word' id='word_1_327' title='bbox 993 4514 1116 4553; x_wconf 81' lang='lat' dir='ltr'><strong><em>esse</em></strong></span> <span class='ocrx_word' id='word_1_328' title='bbox 1139 4513 1401 4565; x_wconf 76' lang='lat' dir='ltr'><strong><em>magnum</em></strong></span> <span class='ocrx_word' id='word_1_329' title='bbox 1425 4498 1534 4551; x_wconf 85' lang='lat' dir='ltr'><strong><em>hoc</em></strong></span> <span class='ocrx_word' id='word_1_330' title='bbox 1557 4495 1973 4564; x_wconf 72' lang='lat' dir='ltr'><strong><em>Legendarium,</em></strong></span> <span class='ocrx_word' id='word_1_331' title='bbox 1997 4494 2230 4564; x_wconf 81' lang='lat' dir='ltr'><strong><em>ideoque</em></strong></span> <span class='ocrx_word' id='word_1_332' title='bbox 2253 4495 2497 4550; x_wconf 80' lang='lat' dir='ltr'><strong><em>mirificis</em></strong></span> <span class='ocrx_word' id='word_1_333' title='bbox 2532 4512 2659 4551; x_wconf 82' lang='lat' dir='ltr'><strong><em>eum</em></strong></span> <span class='ocrx_word' id='word_1_334' title='bbox 2683 4497 2879 4551; x_wconf 77' lang='lat' dir='ltr'><strong><em>extulit</em></strong></span> <span class='ocrx_word' id='word_1_335' title='bbox 2899 4497 3162 4556; x_wconf 77' lang='lat' dir='ltr'><strong><em>laudibus</em></strong></span> 
     </span>
     <span class='ocr_line' id='line_1_39' title="bbox 677 4577 3162 4666; baseline -0 -27"><span class='ocrx_word' id='word_1_336' title='bbox 677 4584 827 4666; x_wconf 62' lang='lat' dir='ltr'><strong><em>gibid.</em></strong></span> <span class='ocrx_word' id='word_1_337' title='bbox 850 4587 904 4637; x_wconf 84' lang='lat' dir='ltr'><strong><em>et</em></strong></span> <span class='ocrx_word' id='word_1_338' title='bbox 925 4599 977 4651; x_wconf 88' lang='lat' dir='ltr'><strong><em>p.</em></strong></span> <span class='ocrx_word' id='word_1_339' title='bbox 993 4582 1131 4644; x_wconf 83' lang='lat'><strong>335),</strong></span> <span class='ocrx_word' id='word_1_340' title='bbox 1152 4582 1175 4606; x_wconf 83' lang='lat'>⁸</span> <span class='ocrx_word' id='word_1_341' title='bbox 1193 4584 1379 4649; x_wconf 79' lang='lat' dir='ltr'><strong><em>utpote</em></strong></span> <span class='ocrx_word' id='word_1_342' title='bbox 1400 4622 1443 4646; x_wconf 83' lang='lat'><strong><em>‚‚</em></strong></span> <span class='ocrx_word' id='word_1_343' title='bbox 1467 4580 1557 4645; x_wconf 81' lang='lat' dir='ltr'><strong><em>ait,</em></strong></span> <span class='ocrx_word' id='word_1_344' title='bbox 1579 4582 1602 4606; x_wconf 81' lang='lat'>⁸</span> <span class='ocrx_word' id='word_1_345' title='bbox 1624 4578 1720 4648; x_wconf 84' lang='lat' dir='ltr'><strong><em>qui</em></strong></span> <span class='ocrx_word' id='word_1_346' title='bbox 1742 4578 1952 4647; x_wconf 86' lang='lat' dir='ltr'><strong><em>primus</em></strong></span> <span class='ocrx_word' id='word_1_347' title='bbox 1967 4577 2135 4632; x_wconf 79' lang='lat' dir='ltr'><strong><em>fuisse</em></strong></span> <span class='ocrx_word' id='word_1_348' title='bbox 2158 4578 2387 4641; x_wconf 79' lang='lat' dir='ltr'><strong><em>videtur,</em></strong></span> <span class='ocrx_word' id='word_1_349' title='bbox 2406 4578 2499 4646; x_wconf 84' lang='lat' dir='ltr'><strong><em>qui</em></strong></span> <span class='ocrx_word' id='word_1_350' title='bbox 2519 4579 2563 4632; x_wconf 87' lang='lat' dir='ltr'><strong><em>si</em></strong></span> <span class='ocrx_word' id='word_1_351' title='bbox 2582 4594 2695 4633; x_wconf 89' lang='lat' dir='ltr'><strong><em>non</em></strong></span> <span class='ocrx_word' id='word_1_352' title='bbox 2713 4580 2981 4647; x_wconf 86' lang='lat' dir='ltr'><strong><em>omnium,</em></strong></span> <span class='ocrx_word' id='word_1_353' title='bbox 3004 4587 3162 4639; x_wconf 79' lang='lat' dir='ltr'><strong><em>corte</em></strong></span> 
     </span>
     <span class='ocr_line' id='line_1_40' title="bbox 683 4660 3164 4736; baseline 0 -15"><span class='ocrx_word' id='word_1_354' title='bbox 683 4710 706 4734; x_wconf 83' lang='lat'>,</span> <span class='ocrx_word' id='word_1_355' title='bbox 743 4667 1130 4736; x_wconf 78' lang='lat' dir='ltr'><strong><em>plerorumque</em></strong></span> <span class='ocrx_word' id='word_1_356' title='bbox 1168 4667 1483 4718; x_wconf 82' lang='lat' dir='ltr'><strong><em>sanctorum</em></strong></span> <span class='ocrx_word' id='word_1_357' title='bbox 1518 4664 1660 4717; x_wconf 85' lang='lat' dir='ltr'><strong><em>Acta</em></strong></span> <span class='ocrx_word' id='word_1_358' title='bbox 1695 4667 1784 4717; x_wconf 87' lang='lat' dir='ltr'><strong><em>sat</em></strong></span> <span class='ocrx_word' id='word_1_359' title='bbox 1817 4662 1982 4729; x_wconf 76' lang='lat' dir='ltr'><strong><em>longo</em></strong></span> <span class='ocrx_word' id='word_1_360' title='bbox 2015 4666 2144 4715; x_wconf 78' lang='lat' dir='ltr'><strong><em>ante</em></strong></span> <span class='ocrx_word' id='word_1_361' title='bbox 2174 4660 2530 4715; x_wconf 78' lang='lat' dir='ltr'><strong><em>Laurentium</em></strong></span> <span class='ocrx_word' id='word_1_362' title='bbox 2565 4661 2783 4716; x_wconf 88' lang='lat' dir='ltr'><strong><em>Surium</em></strong></span> <span class='ocrx_word' id='word_1_363' title='bbox 2816 4667 3069 4732; x_wconf 78' lang='lat' dir='ltr'><strong><em>temporo</em></strong></span> <span class='ocrx_word' id='word_1_364' title='bbox 3095 4666 3164 4721; x_wconf 87' lang='lat' dir='ltr'><strong><em>in</em></strong></span> 
     </span>
     <span class='ocr_line' id='line_1_41' title="bbox 630 4743 3164 4818; baseline 0.002 -20"><span class='ocrx_word' id='word_1_365' title='bbox 630 4795 633 4798; x_wconf 17' lang='grc' dir='ltr'><strong>Α</strong></span> <span class='ocrx_word' id='word_1_366' title='bbox 684 4792 707 4818; x_wconf 80' lang='grc'><strong><em>,</em></strong></span> <span class='ocrx_word' id='word_1_367' title='bbox 746 4765 920 4805; x_wconf 87' lang='lat' dir='ltr'><strong><em>unum</em></strong></span> <span class='ocrx_word' id='word_1_368' title='bbox 942 4763 1141 4815; x_wconf 84' lang='lat' dir='ltr'><strong><em>corpus</em></strong></span> <span class='ocrx_word' id='word_1_369' title='bbox 1164 4750 1382 4815; x_wconf 78' lang='lat' dir='ltr'><strong><em>etopus</em></strong></span> <span class='ocrx_word' id='word_1_370' title='bbox 1405 4745 1597 4814; x_wconf 72' lang='lat' dir='ltr'><strong><em>coegit.</em></strong></span> <span class='ocrx_word' id='word_1_371' title='bbox 1625 4787 1647 4811; x_wconf 81' lang='lat'>‚</span> <span class='ocrx_word' id='word_1_372' title='bbox 1674 4773 1742 4784; x_wconf 94' lang='lat'>—</span> <span class='ocrx_word' id='word_1_373' title='bbox 1765 4744 1839 4811; x_wconf 79' lang='lat'><strong><em>(2)</em></strong></span> <span class='ocrx_word' id='word_1_374' title='bbox 1866 4744 2020 4798; x_wconf 84' lang='lat' dir='ltr'><strong><em>Hanc</em></strong></span> <span class='ocrx_word' id='word_1_375' title='bbox 2038 4743 2449 4798; x_wconf 79' lang='lat' dir='ltr'><strong><em>adnotationem</em></strong></span> <span class='ocrx_word' id='word_1_376' title='bbox 2473 4744 2582 4798; x_wconf 87' lang='lat' dir='ltr'><strong><em>iam</em></strong></span> <span class='ocrx_word' id='word_1_377' title='bbox 2607 4745 2692 4799; x_wconf 81' lang='lat' dir='ltr'><strong><em>ed.</em></strong></span> <span class='ocrx_word' id='word_1_378' title='bbox 2717 4745 2922 4813; x_wconf 79' lang='lat' dir='ltr'><strong><em>Kropff,</em></strong></span> <span class='ocrx_word' id='word_1_379' title='bbox 2946 4764 3031 4815; x_wconf 81' lang='lat' dir='ltr'><strong><em>op.</em></strong></span> <span class='ocrx_word' id='word_1_380' title='bbox 3048 4751 3164 4815; x_wconf 70' lang='lat' dir='ltr'><strong><em>eit„</em></strong></span> 
     </span>
     <span class='ocr_line' id='line_1_42' title="bbox 679 4826 3163 4905; baseline -0.001 -16"><span class='ocrx_word' id='word_1_381' title='bbox 679 4851 733 4905; x_wconf 87' lang='lat' dir='ltr'><strong><em>p.</em></strong></span> <span class='ocrx_word' id='word_1_382' title='bbox 762 4833 880 4888; x_wconf 84' lang='grc'><strong><em>318.</em></strong></span> <span class='ocrx_word' id='word_1_383' title='bbox 915 4829 1186 4895; x_wconf 76' lang='lat' dir='ltr'><strong><em>Tentavit,</em></strong></span> <span class='ocrx_word' id='word_1_384' title='bbox 1220 4834 1370 4899; x_wconf 85' lang='lat' dir='ltr'><strong><em>puto,</em></strong></span> <span class='ocrx_word' id='word_1_385' title='bbox 1406 4828 1854 4905; x_wconf 77' lang='lat' dir='ltr'><strong><em>christophorus,</em></strong></span> <span class='ocrx_word' id='word_1_386' title='bbox 1892 4827 2044 4882; x_wconf 89' lang='lat' dir='ltr'><strong><em>illam</em></strong></span> <span class='ocrx_word' id='word_1_387' title='bbox 2078 4826 2410 4881; x_wconf 80' lang='lat' dir='ltr'><strong><em>carminibus</em></strong></span> <span class='ocrx_word' id='word_1_388' title='bbox 2445 4826 2683 4882; x_wconf 83' lang='lat' dir='ltr'><strong><em>scribere</em></strong></span> <span class='ocrx_word' id='word_1_389' title='bbox 2700 4847 2716 4892; x_wconf 88' lang='lat'>;</span> <span class='ocrx_word' id='word_1_390' title='bbox 2750 4827 2804 4883; x_wconf 86' lang='lat' dir='ltr'><strong><em>id</em></strong></span> <span class='ocrx_word' id='word_1_391' title='bbox 2827 4829 2979 4897; x_wconf 84' lang='lat' dir='ltr'><strong><em>quod</em></strong></span> <span class='ocrx_word' id='word_1_392' title='bbox 3011 4832 3163 4900; x_wconf 77' lang='lat' dir='ltr'><strong><em>typis</em></strong></span> 
     </span>
     <span class='ocr_line' id='line_1_43' title="bbox 681 4912 1239 4972; baseline -0.009 0"><span class='ocrx_word' id='word_1_393' title='bbox 681 4914 1063 4972; x_wconf 79' lang='lat' dir='ltr'><strong><em>exhibendum</em></strong></span> <span class='ocrx_word' id='word_1_394' title='bbox 1088 4912 1239 4969; x_wconf 85' lang='lat' dir='ltr'><strong><em>duxi.</em></strong></span> 
     </span>
    </p>
   </div>
   <div class='ocr_carea' id='block_1_5' title="bbox 3417 4353 3418 5148">
    <p class='ocr_par' dir='ltr' id='par_1_13' title="bbox 3417 4353 3418 5148">
     <span class='ocr_line' id='line_1_44' title="bbox 3417 4353 3418 5148; baseline 0 0"><span class='ocrx_word' id='word_1_395' title='bbox 3417 4353 3418 5148; x_wconf 95' lang='lat' dir='ltr'><strong><em> </em></strong></span> 
     </span>
    </p>
   </div>
  </div>
 </body>
</html>
