3487 5450
688 615 837 691 196
1247 632 1336 686 ns
1386 631 1629 685 meso
1679 630 2123 684 mammeam
2174 630 2587 685 sus-rauco.

678 823 844 912 quin
886 823 1126 910 potius,
1179 827 1257 891 ut
1302 824 1449 891 erat
1491 821 1594 888 vir
1643 821 2107 889 disertissimus
2154 823 2464 908 omnique
2512 823 2930 891 scientiarum
2978 824 3152 892 flore

682 925 1061 1004 adornatus,
1101 922 1359 989 blandis
1397 921 1661 988 monitis
1701 922 2143 1007 suavibusque
2183 921 2533 1006 colloquiis„
2573 927 2648 988 ut
2677 943 2900 990 secum
2926 943 3156 991 rema-

684 1027 891 1105 neret,
912 1023 1401 1090 exhortabatur.
1435 1019 1534 1087 Ne
1558 1041 1693 1106 nos,
1720 1021 1949 1105 inquit,
1975 1019 2198 1104 frater,
2232 1020 2484 1089 deseras
2511 1042 2703 1108 neque
2730 1023 3154 1110 derelinquas.

686 1122 771 1190 In
780 1130 1087 1209 promptu
1113 1129 1199 1188 est
1225 1126 1390 1187 enim
1420 1128 1490 1185 ut
1510 1120 1811 1206 perficias
1829 1120 1995 1206 quod
2015 1119 2258 1185 dudum
2279 1120 2726 1205 spoponderas,
2746 1128 2817 1187 ut
2849 1126 2960 1208 qui
2981 1124 3158 1188 inter*

687 1229 775 1290 tot
820 1221 1336 1288 adversar-ibrum
1383 1220 1761 1287 discrimina
1810 1219 2176 1305 doqmatum
2229 1221 2707 1306 varietatemque
2753 1221 3147 1287 diversorum
3201 1236 3232 1284 s

687 1321 1097 1389 schismatum
1135 1341 1336 1386 unam
1377 1319 1754 1406 eandemque
1793 1319 2226 1385 inconcussam
2264 1319 2418 1403 fidei
2456 1319 2795 1386 catholicae
2820 1322 3109 1407 requiam
3128 1322 3158 1361 ²

685 1424 841 1509 pari
872 1441 1060 1487 sensu
1099 1422 1505 1502 servavimus,
1542 1418 1792 1504 pariter
1831 1420 2041 1501 etiam,
2068 1418 2279 1505 quoad
2318 1439 2511 1505 usque
2553 1418 2844 1486 Christus
2882 1423 3160 1504 iusserit,

688 1522 853 1586 vitae
876 1520 1155 1585 caelestis
1177 1520 1518 1604 praeconia
1534 1519 1950 1605 perennisque
1994 1518 2175 1603 reqni
2213 1518 2387 1583 melle
2414 1518 2704 1584 dulciora
2749 1526 2967 1584 mutuo
3011 1541 3162 1585 cou-

689 1618 928 1686 serere⁸
953 1620 1025 1684 in
1045 1619 1234 1685 laude
1256 1618 1577 1684 creatoris
1598 1617 1963 1701 festinemus
1982 1616 2246 1703 eloquia.
2272 1618 2359 1684 At
2384 1618 2787 1685 felicissimus
2816 1620 3161 1686 confessor

689 1718 928 1786 Christi
946 1718 1268 1800 Aurelius
1282 1717 1796 1784 admonitionem
1816 1716 2175 1784 beatissimi
2202 1717 2528 1784 Ambrosii
2556 1719 2744 1803 quasi
2773 1718 3012 1785 Christi
3040 1740 3157 1786 ore
3200 1729 3256 1781 ¹⁰

685 1818 1017 1903 prolatam
1062 1818 1368 1884 ardenter
1423 1817 1845 1900 amplectens,
1893 1836 2173 1900 parvum
2223 1817 2398 1901 quod
2446 1819 2829 1901 supererat⁴
2869 1820 3163 1902 spatium

689 1918 882 1985 huius
899 1916 1219 1984 instabilis
1248 1917 1421 1982 vitae
1445 1917 1706 2000 hymnis
1733 1915 1854 1982 Dei
1879 1915 2311 1999 laudibusque
2339 1917 2657 1983 continuis
2685 1917 2920 1983 diebus
2949 1919 3164 1984 nocti-

692 2018 947 2102 busque
968 2016 1148 2083 caelo
1168 2016 1563 2100 praemissis,
1586 2015 1914 2081 orationes
1942 2015 2367 2082 creberrimas
2381 2017 2408 2056 ⁵
2428 2035 2579 2081 cum
2604 2017 2802 2082 beato
2831 2018 3117 2101 transegi
3133 2021 3163 2083 t

692 2116 1065 2183 Ambrosia

782 2224 896 2283 10.
937 2215 1101 2281 Mira
1141 2214 1260 2280 Dei
1300 2213 1764 2299 omnipotentis
1810 2213 2293 2298 dispensatione
2333 2218 2533 2299 atque
2580 2215 2889 2282 ineffabili
2937 2216 3164 2299 provi·
3200 2223 3264 2274 ⁴³

689 2314 913 2382 dentia
957 2333 1180 2381 rerum
1234 2314 1499 2397 contigit
1550 2316 1844 2392 eventuS,
1893 2317 1987 2393 ut,
2037 2313 2215 2398 quod
2268 2314 2476 2379 sancti
2524 2314 2643 2381 Dei
2691 2315 3029 2399 praesules
3074 2316 3161 2381 de

690 2434 959 2482 suorum
986 2413 1551 2480 commendatione
1591 2430 1938 2497 corporum
1984 2412 2223 2479 finibus
2262 2414 2614 2480 Armeniae
2656 2418 3159 2481 commanentes

637 2594 640 2597 Α
689 2513 847 2580 olim
888 2512 1331 2593 condixerant,
1378 2512 1504 2578 hoc
1551 2531 1637 2577 ex·
1673 2512 2028 2596 improviso
2080 2512 2378 2596 partibus
2427 2512 2652 2579 Italiae
2702 2514 3162 2597 compleretur.

688 2611 864 2681 Nam
903 2612 1155 2693 eodem,
1198 2632 1328 2697 quo
1355 2612 1503 2677 illuc
1542 2614 1835 2688 venerat,
1881 2611 2037 2677 anni
2079 2630 2305 2677 cursus
2347 2612 2615 2677 circuitu
2655 2613 2969 2691 revolut0‚
3011 2632 3165 2679 cum

689 2711 1172 2782 anniversarius
1227 2710 1651 2796 depositionis
1706 2710 1844 2777 dies
1900 2711 2105 2778 sancti
2158 2711 2542 2778 confessoris
2586 2711 2822 2778 Christi
2863 2711 3154 2797 Dionysii
3194 2725 3266 2780 w

688 2812 1079 2892 immineret,
1120 2812 1353 2878 eodem
1389 2811 1533 2894 ipso
1582 2810 1686 2877 die
1727 2810 2034 2877 dormitio
2071 2813 2271 2895 atque
2313 2810 2399 2877 ad
2440 2830 2718 2894 regnum
2757 2816 3153 2895 perpetuum

691 2911 986 2979 evocatio
1026 2911 1236 2977 sancti
1262 2910 1510 2977 Aurelii
1536 2898 1971 2994 contingebat.
1998 2909 2183 2975 'l’unc
2210 2910 2421 2975 omnis
2450 2911 2840 2993 ambiguitas
2881 2911 3166 2981 circum-

690 3012 1101 3078 manentium
1127 3011 1418 3076 abscissa
1437 3012 1538 3076 est
1574 3009 1917 3094 omnisque
1944 3009 2291 3075 credulitas
2318 3010 2649 3088 roborata,
2677 3014 2752 3075 ut
2782 3009 3166 3076 nullatenus

692 3111 953 3177 illorum
1011 3104 1388 3177 dubitarent
1447 3108 1625 3192 iungi
1681 3107 2083 3192 corpuscula,
2143 3127 2424 3192 quorum
2480 3108 2773 3174 Christus
2833 3109 2919 3174 ad
2975 3130 3171 3176 suum

693 3230 971 3295 regnum
1018 3213 1086 3277 et
1130 3209 1403 3292 gloriam
1451 3208 1705 3275 animas
1754 3227 1887 3273 uno
1936 3207 2299 3291 eodemque
2348 3208 2416 3272 in
2461 3211 2759 3290 tempore
2802 3227 3166 3275 convocare
3206 3219 3277 3270 ἵε

698 3310 1002 3394 dignatus
1031 3313 1150 3374 est.
1177 3308 1324 3373 Uno
1353 3307 1549 3390 igitur
1567 3326 1803 3391 aggere
1824 3326 2085 3391 unoque
2105 3307 2352 3389 gremio
2373 3306 2639 3387 telluris,
2662 3307 2918 3373 duobus
2941 3312 3168 3374 tamen

699 3408 1068 3488 mausoleis,
1097 3411 1473 3473 sanctorum
1495 3406 1938 3472 confessorum
1967 3405 2205 3471 Christi
2228 3425 2504 3489 corpora
2524 3425 2676 3471 cum
2695 3406 2938 3490 ingenti
2959 3407 3173 3491 gloria

702 3508 1169 3575 condebantur.
1198 3506 1254 3574 Ο
1283 3506 1592 3573 meritum
1618 3505 1896 3571 sublime
1935 3498 2329 3584 sanctormn‘,
2361 3525 2527 3590 quos
2571 3505 2667 3572 ita
2694 3506 2932 3572 Christi
2959 3509 3174 3591 gratia

701 3607 1058 3686 coronavit,
1106 3607 1217 3691 qui
1263 3606 1409 3691 pari
1450 3604 1580 3671 fide
1635 3603 2023 3685 fruerentur,
2070 3606 2528 3689 communique
2580 3606 2650 3671 in
2676 3605 2935 3672 saeculo
2965 3611 3174 3690 atque

702 3705 1085 3791 infatigabili
1113 3726 1186 3772 se
1209 3705 1488 3785 invicem
1517 3703 1791 3770 caritate
1818 3703 2131 3785 foverent,
2147 3704 2337 3787 parili
2354 3706 2378 3744 ¹
2399 3705 2599 3770 etiam
2625 3705 2693 3769 in
2721 3705 2984 3771 caelesti
3016 3707 3177 3772 sede
3215 3722 3286 3776 30

705 3806 1029 3876 coniuncti
1055 3804 1311 3889 gaudio,
1330 3804 1603 3888 perenni
1629 3802 2051 3887 perfruantur
2069 3802 2448 3886 angelorum
2489 3804 2833 3883 consortio,
2863 3806 3174 3872 omnibus

704 3906 959 3989 integra
984 3904 1116 3971 fide
1154 3904 1574 3988 poscentibus
1613 3922 1735 3986 per
1777 3921 2004 3968 eorum
2043 3902 2403 3986 patrocinia
2444 3903 2760 3969 hactenus
2803 3903 3177 3988 largiuntur

705 4002 1045 4083 beneficia,
1071 4006 1451 4087 praestante
1476 4001 1743 4069 domino
1762 4004 1988 4067 nostro
2017 4001 2163 4067 Iesu
2193 4001 2449 4068 Christo
2465 4001 2513 4068 ².

1556 4253 1973 4316 'ri-annana
1998 4254 2314 4316 eiusdem

787 4410 844 4497 ι1
854 4409 917 4467 1.
950 4399 1179 4484 Neque
1204 4401 1330 4466 hoc
1357 4400 1440 4466 de
1468 4402 1696 4467 sancto
1722 4398 1989 4465 Aurelio
2014 4399 2417 4466 reticendum
2432 4403 2613 4483 put0,
2643 4401 2818 4484 quod
2847 4402 2931 4469 de
2961 4408 3179 4472 trans-
3225 4432 3301 4486 33

716 4500 960 4568 latione
990 4499 1275 4584 corporis
1301 4498 1504 4583 ipsius
1530 4498 1937 4581 temporibus
1963 4498 2322 4563 Ludewici¹
2351 4498 2861 4566 christianissimi
2890 4501 3182 4587 impera·

722 4696 790 4708 —
808 4667 836 4703 ⁸
855 4665 1088 4736 gloriam
1115 4666 1176 4719 L.
1191 4693 1260 4705 —
1274 4666 1300 4700 ⁸
1314 4665 1565 4734 ¹conferre
1587 4667 1661 4731 L;
1690 4665 1780 4719 vel
1802 4680 2095 4720 conserere
2118 4666 2170 4719 L
2190 4682 2314 4734 sup.
2347 4667 2445 4719 lin.
2464 4693 2531 4705 —
2546 4667 2570 4700 ⁴
2592 4671 2841 4736 superest
2864 4669 2927 4723 L.
2947 4700 3010 4710 —
3030 4672 3054 4706 ὃ
3069 4687 3194 4726 ora—

721 4749 964 4805 tionibus
975 4747 1318 4803 creberrimis
1341 4749 1496 4803 LK.

791 4833 892 4887 10.
916 4862 985 4874 -
1006 4831 1029 4866 ¹
1050 4830 1251 4899 pariter
1265 4831 1333 4885 L.
1352 4858 1420 4869 —
1436 4831 1461 4865 ²
1486 4829 1580 4900 qui
1601 4845 1732 4885 cum
1755 4833 1862 4884 aet.
1895 4828 2053 4884 Patre
2076 4834 2132 4884 et
2163 4828 2256 4898 Sp.
2279 4847 2324 4885 s.
2347 4830 2480 4885 vivit
2499 4835 2553 4884 et
2567 4836 2762 4899 regnat
2785 4831 2844 4886 in
2860 4848 3006 4888 saec.
3042 4851 3190 4891 saec.

723 4914 925 4972 Amen.
941 4914 1069 4968 add.
1084 4913 1231 4967 ΒΜ.

782 4999 887 5057 11.
912 5023 973 5035 -
998 4996 1020 5034 ¹
1042 4994 1323 5054 Luduwiei
1346 4995 1421 5050 H.
