3487 5450
715 525 856 599 100
1347 544 1439 596 m:
1490 542 1935 596 mommo
1984 539 2539 593 monacnum.

717 742 782 804 et
809 736 1111 821 precibus
1151 735 1396 802 crebris
1435 734 1724 818 undique
1769 733 1897 799 col·
1995 732 2428 817 progreditur.
2490 732 2748 797 Interea
2814 731 2916 797 vir
2968 731 3178 798 iustus

1994 833 2273 899 orationi
2300 831 2610 909 incubuit,
2637 837 2887 898 terram
2906 852 3178 917 corpore

1992 952 2361 1018 premens..

711 1035 902 1101 randi
942 1034 1264 1119 pontificis
1304 1040 1572 1100 currunt
1614 1037 1679 1099 et
1719 1034 1900 1117 ptin-
2077 1030 2366 1115 §69(ubi
2389 1030 2468 1094 de
2492 1029 2788 1094 Hlotario
2812 1051 2950 1111 reqe
2970 1051 3181 1115 acyro-

1996 1134 2105 1214 to).
2126 1131 2249 1195 Vix
2269 1130 2483 1213 primo
2500 1130 2779 1195 diluculo
2800 1130 2888 1194 ad
2909 1130 3179 1195 domum

1999 1230 2308 1296 ecclesiae
2349 1250 2392 1295 a
2432 1229 2810 1313 proceribus
2837 1248 3185 1295 concursa-

716 1333 957 1399 doloris
977 1337 1331 1417 exponunt.
2000 1335 2127 1410 tur,
2148 1350 2365 1414 poena
2391 1329 2562 1413 regis
2589 1329 2996 1412 exponitur...

712 886 861 951 lecti
906 904 1210 969 proceres
1260 884 1349 950 ad
1389 884 1657 949 domum
1701 903 1898 948 vene·

717 1187 878 1269 cipis
898 1185 1450 1251 suivaletudinem
1470 1204 1550 1250 ac
1566 1187 1900 1250 tormenta

804 1547 952 1613 Iam
977 1569 1121 1614 vero
1146 1548 1299 1613 haec
1323 1550 1583 1632 epitome
1611 1568 1735 1612 non
1768 1547 1969 1611 solum
2000 1548 2069 1609 in
2095 1545 2490 1629 Le9endario
2533 1544 3007 1629 Windberyensi
3032 1552 3089 1609 et
3116 1546 3187 1608 in

722 1646 1034 1713 codicibus
1074 1650 1419 1714 austriacis
1444 1648 1691 1732 leyitur,
1717 1647 1828 1711 sed
1858 1649 2064 1732 ipsam
2094 1648 2163 1709 in
2205 1646 2409 1709 codice
2449 1665 2609 1710 saec.
2638 1644 2756 1709 XI
2789 1644 3188 1727 offendimus,

720 1748 833 1831 qui
857 1748 1009 1811 olim
1036 1748 1322 1812 abbatiae
1350 1747 1572 1812 Sancti
1613 1747 1867 1811 Bertini
1899 1753 2057 1828 erat,
2082 1766 2252 1809 nunc
2290 1766 2428 1809 tero
2472 1743 2862 1809 bibliothecae
2897 1742 3189 1827 publicae

723 1844 948 1910 Sancti
962 1845 1347 1928 Andomari,
1369 1867 1541 1911 num.
1568 1847 1687 1910 791
1718 1846 1830 1930 (1).
1869 1846 2170 1925 Quamvis
2198 1852 2405 1908 autem
2433 1864 2563 1907 non
2590 1844 2794 1907 desint
2814 1843 3095 1925 subinde,
3117 1852 3191 1908 nt

725 1945 896 2010 alias
930 1945 1076 2026 fieri
1113 1946 1281 2027 solet,
1325 1946 1609 2009 lectiones
1663 1947 2005 2026 variantes,
2047 1944 2211 2008 adeo
2242 1952 2457 2008 tamen
2501 1944 2734 2008 similis
2774 1951 2860 2008 est
2904 1945 3190 2007 omnium

724 2043 1009 2107 codicum
1048 2051 1270 2125 textus,
1311 2045 1474 2107 utin
1512 2043 1643 2108 loco
1683 2064 1889 2126 supra
1916 2044 2230 2127 exscripto
2261 2064 2334 2106 ne
2380 2062 2502 2105 uno
2531 2042 2779 2127 quidem
2827 2041 3002 2105 verbo
3058 2042 3194 2106 dis-

724 2149 972 2226 crepent
996 2142 1234 2207 codices
1254 2143 1578 2222 austriaci,
1620 2141 2124 2227 Windberqensis
2141 2149 2197 2205 et
2218 2141 2658 2206 Bertinianus.

807 2239 939 2306 Illa
977 2262 1180 2326 porro
1234 2240 1551 2306 mirabilis
1592 2244 1871 2325 epitome,
1913 2262 2072 2326 quae
2119 2243 2186 2304 in
2229 2241 2399 2305 alios
2448 2243 2638 2305 etiam
2677 2240 2907 2323 forsan
2956 2240 3197 2306 codices

727 2340 1006 2422 transiit,
1046 2360 1172 2405 non
1215 2343 1308 2406 ita
1353 2341 1675 2406 Bacariae
1715 2348 1830 2404 aut
1861 2341 2157 2421 inferiori
2186 2341 2502 2404 Austriae
2532 2341 2812 2423 propria
2846 2339 2997 2421 fuit,
3025 2341 3191 2403 utin

724 2441 979 2504 remotis
1018 2443 1208 2505 etiam
1249 2441 1774 2524 septemtrionalis
1830 2440 2083 2503 Galliae
2110 2440 2408 2523 partibus
2433 2460 2596 2504 saec.
2641 2437 2761 2503 XI
2792 2459 2917 2502 non
2960 2440 3196 2523 reperi·

727 2545 921 2612 retur,
965 2538 1218 2623 ideoque
1242 2560 1370 2603 non
1415 2540 1682 2603 multum
1724 2539 2010 2619 conferre
2045 2530 2248 2622 potest
2280 2538 2369 2601 ad
2405 2537 2830 2620 definiendum
2872 2537 3194 2623 quodnam

725 2637 925 2720 suerit
950 2637 1380 2721 leyendarium
1397 2638 1561 2702 illud
1588 2639 1933 2723 antiquius,
1951 2659 2029 2701 ex
2051 2658 2175 2722 quo
2202 2644 2333 2701 tum
2357 2639 2740 2718 austriacas,
2762 2644 2896 2701 tum
2916 2636 3196 2702 bavarus

734 2737 1016 2801 collector
1070 2755 1368 2823 maqnam
1402 2744 1658 2821 partem
1699 2757 1964 2801 suorum
2008 2737 2481 2802 Passionalium
2538 2736 2908 2801 hauserunt.
2949 2736 3199 2801 Huius-

735 2835 910 2902 modi
953 2835 1260 2922 siquidem
1301 2836 1539 2919 fontem
1585 2856 1971 2900 communem
2002 2843 2336 2920 utrumque
2362 2835 2598 2899 adiisse
2624 2837 2733 2899 vix
2767 2834 3034 2920 neqabii,
3064 2837 3199 2920 opi-

733 2955 874 3017 nor,
915 2936 1283 3021 quicumque
1317 2937 1700 3020 perspexerit
1758 2937 1829 2999 in
1871 2957 2059 3022 quam
2114 2936 2332 2999 multis
2390 2935 2551 3002 Vitis
2614 2941 2868 3020 uterque
2920 2955 3198 3019 prorsus

738 3034 1078 3100 conveniat.
2587 3043 2593 3048 ’

832 3213 1038 3278 Unum
1075 3223 1285 3279 autem
1329 3218 1434 3280 vix
1461 3237 1589 3281 non
1619 3223 1857 3280 certum
1884 3224 1991 3299 est,
2011 3216 2339 3300 ‚exemplar
2364 3212 2547 3297 illud,
2574 3236 2649 3279 ex
2676 3236 2798 3300 quo
2828 3215 2995 3279 duae
3019 3216 3203 3281 colle-

736 3316 963 3379 ctiones
978 3315 1225 3398 partim
1245 3314 1592 3400 descriptae
1611 3322 1778 3393 sunt,
1802 3318 2010 3399 ipsum
2034 3322 2176 3400 post
2200 3305 2407 3379 medin
2415 3336 2473 3378 m
2494 3315 2815 3380 saeculum
2835 3313 2955 3378 XI
2963 3336 3200 3381 aara-

737 3420 872 3477 tum
892 3433 1034 3494 esse,
1064 3434 1139 3477 ac
1157 3415 1356 3498 proin
1375 3435 1502 3478 non
1522 3434 1649 3479 esse
1679 3436 1796 3478 cur
1825 3417 2156 3500 coqitemus
2176 3414 2253 3478 de
2280 3414 2496 3498 aliquo
2538 3414 2897 3498 leyendario
2924 3414 3095 3499 quod
3121 3415 3200 3479 ab

736 3514 874 3596 ipso
935 3511 1336 3596 Wolfhardo,
1377 3520 1447 3577 ut
1496 3514 1787 3578 nonnulli
1815 3515 2144 3579 commenti
2163 3521 2331 3594 sunt,
2363 3514 2610 3577 saeculo
2640 3512 2757 3577 IX
2785 3515 3196 3597 compositum

737 3618 906 3676 esset.
956 3611 1155 3693 Nam,
1208 3620 1276 3676 ut
1345 3613 1480 3677 alia
1529 3614 1816 3678 omittam
1875 3634 2033 3698 quae
2088 3615 2357 3677 minoris
2411 3619 2559 3677 sunt
2633 3615 2950 3694 momenti,
2998 3621 3057 3678 et
3126 3615 3196 3678 in

729 3713 1067 3776 austriaca
1111 3718 1166 3775 et
1209 3714 1276 3775 in
1323 3711 1624 3776 bacarica
1674 3713 2019 3777 collectione
2060 3712 2375 3795 descripta
2416 3720 2506 3776 est
2554 3719 2688 3776 tum
2736 3712 2965 3777 Passio
2991 3713 3206 3777 Adal-

737 3809 896 3874 berti
940 3809 1283 3896 Praqensis
1329 3812 1401 3894 (†
1448 3812 1596 3894 997)
1652 3832 1694 3875 a
1745 3810 2027 3876 Iohanne
2057 3811 2424 3896 Ganapario
2466 3813 2839 3895 conscripta,
2868 3817 3006 3875 tum
3049 3812 3203 3876 Vita

755 3909 1062 3991 Udalrici,
1084 3931 1274 3996 quam
1298 3910 1508 3976 Berno
1528 3909 1719 3975 abbas
1740 3912 2078 3995 Auyiensis
2097 3912 2263 3974 inter
2284 3931 2487 3975 annos
2509 3911 2675 3975 1020
2695 3918 2751 3974 et
2773 3911 2937 3975 1030
2959 3931 3207 3996 compo-

740 4011 887 4092 suit,
916 4017 1050 4073 tum
1094 4008 1238 4074 Vita
1264 4010 1587 4095 Symeonis
1621 4008 2011 4075 Treverensis
2032 4012 2105 4094 (†
2129 4011 2345 4095 1035),
2373 4017 2506 4073 tum
2550 4009 2698 4073 Vita
2736 3998 3109 4095 Wolflcanyi
3127 4011 3208 4075 ab

747 4107 1010 4174 Othlolzo
1048 4114 1194 4192 post
1241 4130 1347 4175 an.
1397 4109 1564 4173 1037
1601 4108 1792 4191 edita,
1848 4116 2000 4173 tum
2023 4109 2227 4173 altera
2269 4110 2540 4173 recensio
2597 4107 2777 4172 Vitae
2827 4107 3211 4173 Godehardi

741 4207 1291 4290 Hildeslzemensis,
1312 4228 1472 4294 quae
1492 4228 1660 4273 anno
1684 4209 1932 4272 circiter
1954 4210 2118 4273 1065
2140 4230 2180 4272 a
2211 4206 2556 4289 Wolfherio
2577 4214 2923 4271 retractata
2938 4207 3210 4291 prodiit,

740 4309 895 4393 quin
915 4315 971 4371 et
1012 4306 1158 4371 Vita
1190 4307 1389 4388 Lulli,
1417 4328 1610 4392 quam
1638 4309 1803 4371 inter
1831 4329 2041 4398 annos·
2064 4308 2226 4372 1063
2248 4313 2304 4371 et
2345 4308 2510 4371 1073
2537 4308 2790 4390 scripsit
2826 4305 3213 4372 Lambertus

742 4405 1224 4487 Hersfelclensis.
1274 4406 1481 4471 Porro
1521 4427 1664 4471 cum
1704 4406 1858 4471 haec
1900 4407 2269 4471 documenta
2311 4427 2437 4471 non
2475 4407 2569 4470 ita
2605 4426 2841 4489 pauca,
2878 4406 3216 4493 eademque

733 4525 1007 4591 prorsus
1046 4506 1114 4570 in
1159 4512 1426 4590 utraque
1466 4506 1811 4571 collectione
1860 4507 2121 4588 similia,
2164 4527 2290 4570 non
2329 4508 2400 4570 in
2427 4525 2555 4570 uno
2598 4507 2747 4588 loco,
2790 4504 2957 4570 velut
2987 4513 3215 4590 postea

809 4736 882 4802 (1)
907 4736 1022 4792 Fol.
1044 4738 1263 4793 65··69v.
1285 4738 1490 4793 Eadem
1532 4738 1770 4808 epitome
1814 4742 1997 4815 exstat
2033 4737 2092 4792 in
2127 4737 2312 4792 codice
2352 4736 2536 4791 Sancti
2569 4736 2868 4792 Andomari
2899 4752 3056 4792 num.
3096 4738 3217 4802 715,

747 4824 783 4874 t.
806 4818 1006 4884 1V,r01.
1028 4820 1221 4886 31-32*,
1245 4821 1336 4890 qui
1359 4822 1533 4876 codex
1548 4837 1689 4877 saec.
1711 4820 1814 4876 XII
1835 4820 1893 4876 in
1928 4821 2153 4876 abbatia
2188 4819 2372 4875 Sancti
2411 4819 2620 4874 Bet-tini
2638 4821 2806 4875 etiam
2839 4820 3073 4889 scriptus
3112 4825 3222 4876 est.

748 4905 948 4960 Verum
970 4909 1054 4960 est
1072 4904 1184 4959 hoc
1201 4919 1418 4960 merum
1438 4904 1816 4974 apographum
1840 4904 2037 4961 codicis
2059 4904 2173 4959 791.
