<?xml version="1.0" encoding="UTF-8"?>
<!DOCTYPE html PUBLIC "-//W3C//DTD XHTML 1.0 Transitional//EN"
    "http://www.w3.org/TR/xhtml1/DTD/xhtml1-transitional.dtd">
<html xmlns="http://www.w3.org/1999/xhtml" xml:lang="en" lang="en">
 <head>
  <title>
</title>
<meta http-equiv="Content-Type" content="text/html;charset=utf-8" />
  <meta name='ocr-system' content='tesseract 3.04.00' />
  <meta name='ocr-capabilities' content='ocr_page ocr_carea ocr_par ocr_line ocrx_word'/>
</head>
<body>
  <div class='ocr_page' id='page_1' title='image "analectabolland01bollgoog_0142.png"; bbox 0 0 3487 5450; ppageno 0'>
   <div class='ocr_carea' id='block_1_1' title="bbox 728 552 2557 637">
    <p class='ocr_par' dir='ltr' id='par_1_1' title="bbox 728 552 2557 637">
     <span class='ocr_line' id='line_1_1' title="bbox 728 552 2557 637; baseline -0.004 -11"><span class='ocrx_word' id='word_1_1' title='bbox 728 552 867 626; x_wconf 68' lang='lat'>132</span> <span class='ocrx_word' id='word_1_2' title='bbox 1363 571 1451 622; x_wconf 70' lang='lat' dir='ltr'>ni:</span> <span class='ocrx_word' id='word_1_3' title='bbox 1507 569 2060 637; x_wconf 64' lang='lat' dir='ltr'>mnrmocomo</span> <span class='ocrx_word' id='word_1_4' title='bbox 2112 567 2557 620; x_wconf 61' lang='lat' dir='ltr'>wocrnenm.</span> 
     </span>
    </p>
   </div>
   <div class='ocr_carea' id='block_1_2' title="bbox 719 757 3260 1425">
    <p class='ocr_par' dir='ltr' id='par_1_2' title="bbox 719 757 3260 1425">
     <span class='ocr_line' id='line_1_2' title="bbox 719 757 3198 845; baseline -0.001 -17"><span class='ocrx_word' id='word_1_5' title='bbox 719 763 920 841; x_wconf 84' lang='lat' dir='ltr'>locus,</span> <span class='ocrx_word' id='word_1_6' title='bbox 950 761 1015 827; x_wconf 90' lang='lat' dir='ltr'>in</span> <span class='ocrx_word' id='word_1_7' title='bbox 1040 781 1170 845; x_wconf 88' lang='lat' dir='ltr'>quo</span> <span class='ocrx_word' id='word_1_8' title='bbox 1199 760 1338 826; x_wconf 90' lang='lat' dir='ltr'>dies</span> <span class='ocrx_word' id='word_1_9' title='bbox 1369 763 1467 825; x_wconf 82' lang='lat' dir='ltr'>est</span> <span class='ocrx_word' id='word_1_10' title='bbox 1496 780 1811 826; x_wconf 84' lang='lat' dir='ltr'>conversa</span> <span class='ocrx_word' id='word_1_11' title='bbox 1859 760 1927 825; x_wconf 91' lang='lat' dir='ltr'>in</span> <span class='ocrx_word' id='word_1_12' title='bbox 1968 764 2246 833; x_wconf 79' lang='lat' dir='ltr'>noctem,</span> <span class='ocrx_word' id='word_1_13' title='bbox 2276 757 2542 824; x_wconf 64' lang='lat' dir='ltr'>Nomius</span> <span class='ocrx_word' id='word_1_14' title='bbox 2571 758 2769 824; x_wconf 66' lang='lat' dir='ltr'>uons⁸</span> <span class='ocrx_word' id='word_1_15' title='bbox 2811 759 3198 844; x_wconf 86' lang='lat' dir='ltr'>appellatur,</span> 
     </span>
     <span class='ocr_line' id='line_1_3' title="bbox 724 858 3203 937; baseline -0.001 -9"><span class='ocrx_word' id='word_1_16' title='bbox 724 862 843 928; x_wconf 92' lang='lat' dir='ltr'>ubi</span> <span class='ocrx_word' id='word_1_17' title='bbox 889 862 1085 928; x_wconf 83' lang='lat' dir='ltr'>etiarn</span> <span class='ocrx_word' id='word_1_18' title='bbox 1138 861 1222 926; x_wconf 87' lang='lat' dir='ltr'>ad</span> <span class='ocrx_word' id='word_1_19' title='bbox 1272 862 1484 926; x_wconf 87' lang='lat' dir='ltr'>lucem</span> <span class='ocrx_word' id='word_1_20' title='bbox 1504 861 1532 898; x_wconf 80' lang='lat'><strong>⁹</strong></span> <span class='ocrx_word' id='word_1_21' title='bbox 1578 860 1771 925; x_wconf 91' lang='lat' dir='ltr'>rediit</span> <span class='ocrx_word' id='word_1_22' title='bbox 1831 859 1990 937; x_wconf 85' lang='lat' dir='ltr'>dies,</span> <span class='ocrx_word' id='word_1_23' title='bbox 2042 859 2288 925; x_wconf 76' lang='lat' dir='ltr'>CLARus</span> <span class='ocrx_word' id='word_1_24' title='bbox 2338 879 2498 923; x_wconf 71' lang='lat' dir='ltr'>noxs</span> <span class='ocrx_word' id='word_1_25' title='bbox 2548 859 2633 924; x_wconf 87' lang='lat' dir='ltr'>ab</span> <span class='ocrx_word' id='word_1_26' title='bbox 2677 858 2899 925; x_wconf 90' lang='lat' dir='ltr'>incolis</span> <span class='ocrx_word' id='word_1_27' title='bbox 2948 879 3203 925; x_wconf 88' lang='lat' dir='ltr'>nuncu-</span> 
     </span>
     <span class='ocr_line' id='line_1_4' title="bbox 719 955 3200 1045; baseline -0.002 -18"><span class='ocrx_word' id='word_1_28' title='bbox 719 964 943 1045; x_wconf 84' lang='lat' dir='ltr'>patur.</span> <span class='ocrx_word' id='word_1_29' title='bbox 963 961 1147 1025; x_wconf 91' lang='lat' dir='ltr'>Tunc</span> <span class='ocrx_word' id='word_1_30' title='bbox 1178 979 1256 1024; x_wconf 82' lang='lat' dir='ltr'>ex</span> <span class='ocrx_word' id='word_1_31' title='bbox 1279 964 1559 1041; x_wconf 84' lang='lat' dir='ltr'>utraque</span> <span class='ocrx_word' id='word_1_32' title='bbox 1581 961 1772 1040; x_wconf 86' lang='lat' dir='ltr'>parte</span> <span class='ocrx_word' id='word_1_33' title='bbox 1803 977 1873 1022; x_wconf 87' lang='lat' dir='ltr'>se</span> <span class='ocrx_word' id='word_1_34' title='bbox 1903 955 2439 1039; x_wconf 77' lang='lat' dir='ltr'>contemplanteS,</span> <span class='ocrx_word' id='word_1_35' title='bbox 2454 960 2639 1022; x_wconf 83' lang='lat' dir='ltr'>tanto</span> <span class='ocrx_word' id='word_1_36' title='bbox 2661 976 2932 1022; x_wconf 89' lang='lat' dir='ltr'>munere</span> <span class='ocrx_word' id='word_1_37' title='bbox 2958 957 3200 1042; x_wconf 83' lang='lat' dir='ltr'>privati</span> 
     </span>
     <span class='ocr_line' id='line_1_5' title="bbox 720 1055 3198 1141; baseline -0.003 -14"><span class='ocrx_word' id='word_1_38' title='bbox 720 1061 814 1127; x_wconf 87' lang='lat' dir='ltr'>ad</span> <span class='ocrx_word' id='word_1_39' title='bbox 854 1080 976 1126; x_wconf 86' lang='lat' dir='ltr'>sua</span> <span class='ocrx_word' id='word_1_40' title='bbox 1017 1060 1268 1125; x_wconf 88' lang='lat' dir='ltr'>rediere</span> <span class='ocrx_word' id='word_1_41' title='bbox 1299 1057 1569 1124; x_wconf 74' lang='lat' dir='ltr'>confiisi.</span> <span class='ocrx_word' id='word_1_42' title='bbox 1605 1057 1689 1122; x_wconf 94' lang='lat' dir='ltr'>Hi</span> <span class='ocrx_word' id='word_1_43' title='bbox 1713 1077 1869 1123; x_wconf 84' lang='lat' dir='ltr'>vero</span> <span class='ocrx_word' id='word_1_44' title='bbox 1899 1057 2009 1141; x_wconf 91' lang='lat' dir='ltr'>qui</span> <span class='ocrx_word' id='word_1_45' title='bbox 2037 1056 2401 1139; x_wconf 88' lang='lat' dir='ltr'>patrocinia</span> <span class='ocrx_word' id='word_1_46' title='bbox 2432 1055 2669 1121; x_wconf 80' lang='lat' dir='ltr'>Christi</span> <span class='ocrx_word' id='word_1_47' title='bbox 2697 1056 2917 1121; x_wconf 86' lang='lat' dir='ltr'>militis</span> <span class='ocrx_word' id='word_1_48' title='bbox 2959 1057 3198 1140; x_wconf 83' lang='lat' dir='ltr'>egregii</span> 
     </span>
     <span class='ocr_line' id='line_1_6' title="bbox 720 1156 3260 1239; baseline -0.004 -12"><span class='ocrx_word' id='word_1_49' title='bbox 720 1160 1105 1227; x_wconf 86' lang='lat' dir='ltr'>deferebant</span> <span class='ocrx_word' id='word_1_50' title='bbox 1123 1161 1173 1197; x_wconf 89' lang='lat'>¹⁰</span> <span class='ocrx_word' id='word_1_51' title='bbox 1195 1157 1985 1237; x_wconf 84' lang='lat' dir='ltr'>Richarii,monasterium</span> <span class='ocrx_word' id='word_1_52' title='bbox 2008 1175 2155 1221; x_wconf 88' lang='lat' dir='ltr'>cum</span> <span class='ocrx_word' id='word_1_53' title='bbox 2179 1156 2435 1239; x_wconf 83' lang='lat' dir='ltr'>hymnis</span> <span class='ocrx_word' id='word_1_54' title='bbox 2460 1160 2519 1221; x_wconf 83' lang='lat' dir='ltr'>et</span> <span class='ocrx_word' id='word_1_55' title='bbox 2545 1156 2846 1221; x_wconf 87' lang='lat' dir='ltr'>laudibus</span> <span class='ocrx_word' id='word_1_56' title='bbox 2869 1156 3198 1222; x_wconf 77' lang='lat' dir='ltr'>intravere</span> <span class='ocrx_word' id='word_1_57' title='bbox 3232 1167 3260 1216; x_wconf 75' lang='lat'><strong>5</strong></span> 
     </span>
     <span class='ocr_line' id='line_1_7' title="bbox 724 1256 3199 1343; baseline -0.002 -17"><span class='ocrx_word' id='word_1_58' title='bbox 724 1261 961 1326; x_wconf 83' lang='lat' dir='ltr'>devoti.</span> <span class='ocrx_word' id='word_1_59' title='bbox 978 1261 1213 1343; x_wconf 85' lang='lat' dir='ltr'>Sicque</span> <span class='ocrx_word' id='word_1_60' title='bbox 1242 1257 1581 1323; x_wconf 84' lang='lat' dir='ltr'>sollemnia</span> <span class='ocrx_word' id='word_1_61' title='bbox 1611 1257 2034 1335; x_wconf 80' lang='lat' dir='ltr'>celebranteS‚</span> <span class='ocrx_word' id='word_1_62' title='bbox 2058 1261 2130 1321; x_wconf 87' lang='lat' dir='ltr'>ut</span> <span class='ocrx_word' id='word_1_63' title='bbox 2154 1260 2379 1321; x_wconf 87' lang='lat' dir='ltr'>sancto</span> <span class='ocrx_word' id='word_1_64' title='bbox 2402 1256 2613 1321; x_wconf 85' lang='lat' dir='ltr'>fuerat</span> <span class='ocrx_word' id='word_1_65' title='bbox 2642 1256 3199 1339; x_wconf 82' lang='lat' dir='ltr'>dignum‚tantum</span> 
     </span>
     <span class='ocr_line' id='line_1_8' title="bbox 725 1355 2123 1425; baseline -0.005 0"><span class='ocrx_word' id='word_1_66' title='bbox 725 1360 1027 1425; x_wconf 86' lang='lat' dir='ltr'>condiere</span> <span class='ocrx_word' id='word_1_67' title='bbox 1057 1359 1438 1423; x_wconf 85' lang='lat' dir='ltr'>thesaurum</span> <span class='ocrx_word' id='word_1_68' title='bbox 1461 1376 1543 1421; x_wconf 79' lang='lat' dir='ltr'>vu</span> <span class='ocrx_word' id='word_1_69' title='bbox 1575 1356 1718 1421; x_wconf 92' lang='lat' dir='ltr'>idus</span> <span class='ocrx_word' id='word_1_70' title='bbox 1748 1355 2033 1421; x_wconf 83' lang='lat' dir='ltr'>octobris</span> <span class='ocrx_word' id='word_1_71' title='bbox 2052 1357 2123 1418; x_wconf 89' lang='lat'>¹¹.</span> 
     </span>
    </p>
   </div>
   <div class='ocr_carea' id='block_1_3' title="bbox 725 1521 3199 1673">
    <p class='ocr_par' dir='ltr' id='par_1_3' title="bbox 725 1521 3199 1673">
     <span class='ocr_line' id='line_1_9' title="bbox 725 1521 3199 1589; baseline -0 -10"><span class='ocrx_word' id='word_1_72' title='bbox 725 1554 792 1566; x_wconf 90' lang='lat'>-</span> <span class='ocrx_word' id='word_1_73' title='bbox 816 1526 840 1560; x_wconf 83' lang='lat'>⁸</span> <span class='ocrx_word' id='word_1_74' title='bbox 861 1526 932 1579; x_wconf 86' lang='lat' dir='ltr'>ab</span> <span class='ocrx_word' id='word_1_75' title='bbox 953 1523 1147 1578; x_wconf 84' lang='lat' dir='ltr'>incolis</span> <span class='ocrx_word' id='word_1_76' title='bbox 1169 1525 1300 1578; x_wconf 80' lang='lat' dir='ltr'>add.</span> <span class='ocrx_word' id='word_1_77' title='bbox 1325 1525 1394 1576; x_wconf 73' lang='lat' dir='ltr'>A.</span> <span class='ocrx_word' id='word_1_78' title='bbox 1415 1552 1477 1562; x_wconf 93' lang='lat'>—-</span> <span class='ocrx_word' id='word_1_79' title='bbox 1502 1523 1526 1557; x_wconf 83' lang='lat'><strong>⁹</strong></span> <span class='ocrx_word' id='word_1_80' title='bbox 1549 1522 1640 1589; x_wconf 86' lang='lat' dir='ltr'>(ad</span> <span class='ocrx_word' id='word_1_81' title='bbox 1680 1522 1736 1588; x_wconf 90' lang='lat'>1.)</span> <span class='ocrx_word' id='word_1_82' title='bbox 1761 1539 1904 1577; x_wconf 78' lang='lat' dir='ltr'>erae.</span> <span class='ocrx_word' id='word_1_83' title='bbox 1928 1524 1988 1575; x_wconf 79' lang='lat' dir='ltr'>in</span> <span class='ocrx_word' id='word_1_84' title='bbox 2015 1525 2086 1576; x_wconf 76' lang='lat' dir='ltr'>A.</span> <span class='ocrx_word' id='word_1_85' title='bbox 2107 1549 2174 1561; x_wconf 94' lang='lat'><em>—</em></span> <span class='ocrx_word' id='word_1_86' title='bbox 2203 1522 2249 1556; x_wconf 85' lang='lat'>¹⁰</span> <span class='ocrx_word' id='word_1_87' title='bbox 2272 1521 2558 1575; x_wconf 81' lang='lat' dir='ltr'>deferebat</span> <span class='ocrx_word' id='word_1_88' title='bbox 2598 1522 2667 1575; x_wconf 80' lang='lat' dir='ltr'>V.</span> <span class='ocrx_word' id='word_1_89' title='bbox 2686 1549 2750 1560; x_wconf 90' lang='lat'>—</span> <span class='ocrx_word' id='word_1_90' title='bbox 2775 1522 2821 1557; x_wconf 82' lang='lat'>²¹</span> <span class='ocrx_word' id='word_1_91' title='bbox 2845 1538 2920 1575; x_wconf 78' lang='lat' dir='ltr'>vn</span> <span class='ocrx_word' id='word_1_92' title='bbox 2934 1522 3055 1576; x_wconf 86' lang='lat' dir='ltr'>idus</span> <span class='ocrx_word' id='word_1_93' title='bbox 3091 1527 3199 1578; x_wconf 86' lang='lat' dir='ltr'>oct.</span> 
     </span>
     <span class='ocr_line' id='line_1_10' title="bbox 726 1608 1059 1673; baseline -0.015 -9"><span class='ocrx_word' id='word_1_94' title='bbox 726 1625 828 1663; x_wconf 83' lang='lat' dir='ltr'>om.</span> <span class='ocrx_word' id='word_1_95' title='bbox 863 1608 1059 1673; x_wconf 71' lang='lat' dir='ltr'>Woth.</span> 
     </span>
    </p>
   </div>
   <div class='ocr_carea' id='block_1_4' title="bbox 1248 2077 2684 2145">
    <p class='ocr_par' dir='ltr' id='par_1_4' title="bbox 1248 2077 2684 2145">
     <span class='ocr_line' id='line_1_11' title="bbox 1248 2077 2684 2145; baseline 0.001 -3"><span class='ocrx_word' id='word_1_96' title='bbox 1248 2078 1352 2142; x_wconf 84' lang='lat' dir='ltr'>IV.</span> <span class='ocrx_word' id='word_1_97' title='bbox 1397 2077 1696 2144; x_wconf 88' lang='lat' dir='ltr'>PASSIO</span> <span class='ocrx_word' id='word_1_98' title='bbox 1743 2079 1811 2144; x_wconf 89' lang='lat' dir='ltr'>S.</span> <span class='ocrx_word' id='word_1_99' title='bbox 1853 2077 2266 2144; x_wconf 86' lang='lat' dir='ltr'><strong>VALENTIS</strong></span> <span class='ocrx_word' id='word_1_100' title='bbox 2308 2077 2684 2145; x_wconf 83' lang='lat' dir='ltr'><strong>EPISCOPI</strong></span> 
     </span>
    </p>
   </div>
   <div class='ocr_carea' id='block_1_5' title="bbox 825 2245 3089 2515">
    <p class='ocr_par' dir='ltr' id='par_1_5' title="bbox 825 2245 3089 2515">
     <span class='ocr_line' id='line_1_12' title="bbox 1541 2245 2394 2314; baseline -0.001 -14"><span class='ocrx_word' id='word_1_101' title='bbox 1541 2245 1622 2301; x_wconf 77' lang='lat' dir='ltr'>Cf.</span> <span class='ocrx_word' id='word_1_102' title='bbox 1645 2262 1828 2314; x_wconf 82' lang='lat' dir='ltr'>supra,</span> <span class='ocrx_word' id='word_1_103' title='bbox 1850 2262 1902 2314; x_wconf 89' lang='lat' dir='ltr'>p.</span> <span class='ocrx_word' id='word_1_104' title='bbox 1929 2245 2006 2307; x_wconf 76' lang='lat'>14.</span> <span class='ocrx_word' id='word_1_105' title='bbox 2031 2263 2081 2314; x_wconf 89' lang='lat' dir='ltr'>p.</span> <span class='ocrx_word' id='word_1_106' title='bbox 2104 2246 2185 2310; x_wconf 78' lang='lat'>62,</span> <span class='ocrx_word' id='word_1_107' title='bbox 2207 2261 2261 2314; x_wconf 93' lang='lat' dir='ltr'>p.</span> <span class='ocrx_word' id='word_1_108' title='bbox 2283 2246 2394 2300; x_wconf 82' lang='lat'><strong>108.</strong></span> 
     </span>
     <span class='ocr_line' id='line_1_13' title="bbox 825 2344 3089 2413; baseline 0 -13"><span class='ocrx_word' id='word_1_109' title='bbox 825 2344 1052 2400; x_wconf 79' lang='lat' dir='ltr'>Edimus</span> <span class='ocrx_word' id='word_1_110' title='bbox 1070 2349 1279 2400; x_wconf 79' lang='lat' dir='ltr'>textum</span> <span class='ocrx_word' id='word_1_111' title='bbox 1298 2361 1366 2400; x_wconf 81' lang='lat' dir='ltr'>ex</span> <span class='ocrx_word' id='word_1_112' title='bbox 1394 2345 1722 2400; x_wconf 75' lang='lat' dir='ltr'>wolfhardo</span> <span class='ocrx_word' id='word_1_113' title='bbox 1741 2345 2010 2413; x_wconf 59' lang='lat' dir='ltr'>(Wolff),</span> <span class='ocrx_word' id='word_1_114' title='bbox 2034 2361 2103 2401; x_wconf 86' lang='lat' dir='ltr'>ex</span> <span class='ocrx_word' id='word_1_115' title='bbox 2122 2344 2400 2399; x_wconf 84' lang='lat' dir='ltr'>codicibus</span> <span class='ocrx_word' id='word_1_116' title='bbox 2424 2344 2705 2400; x_wconf 77' lang='lat' dir='ltr'>austriacis</span> <span class='ocrx_word' id='word_1_117' title='bbox 2729 2344 3089 2413; x_wconf 72' lang='lat' dir='ltr'><strong>(EA.M.V.),</strong></span> 
     </span>
     <span class='ocr_line' id='line_1_14' title="bbox 1627 2446 2291 2515; baseline 0 -15"><span class='ocrx_word' id='word_1_118' title='bbox 1627 2463 1695 2501; x_wconf 82' lang='lat' dir='ltr'>ex</span> <span class='ocrx_word' id='word_1_119' title='bbox 1722 2446 2133 2515; x_wconf 76' lang='lat' dir='ltr'>windbergensi</span> <span class='ocrx_word' id='word_1_120' title='bbox 2154 2447 2291 2515; x_wconf 77' lang='lat' dir='ltr'><strong>(W.)</strong></span> 
     </span>
    </p>
   </div>
   <div class='ocr_carea' id='block_1_6' title="bbox 726 2638 3203 3309">
    <p class='ocr_par' dir='ltr' id='par_1_6' title="bbox 726 2638 3203 3309">
     <span class='ocr_line' id='line_1_15' title="bbox 797 2638 3200 2714; baseline 0 -15"><span class='ocrx_word' id='word_1_121' title='bbox 797 2644 933 2713; x_wconf 88' lang='lat' dir='ltr'>Quis</span> <span class='ocrx_word' id='word_1_122' title='bbox 956 2645 1046 2700; x_wconf 90' lang='lat' dir='ltr'>ille</span> <span class='ocrx_word' id='word_1_123' title='bbox 1064 2650 1285 2700; x_wconf 85' lang='lat' dir='ltr'>sanctus</span> <span class='ocrx_word' id='word_1_124' title='bbox 1324 2644 1504 2711; x_wconf 83' lang='lat' dir='ltr'>fuerit,</span> <span class='ocrx_word' id='word_1_125' title='bbox 1535 2644 1758 2714; x_wconf 85' lang='lat' dir='ltr'>quando</span> <span class='ocrx_word' id='word_1_126' title='bbox 1800 2644 2096 2698; x_wconf 78' lang='lat' dir='ltr'>ubinamve</span> <span class='ocrx_word' id='word_1_127' title='bbox 2130 2638 2339 2708; x_wconf 74' lang='lat' dir='ltr'>vixerit,</span> <span class='ocrx_word' id='word_1_128' title='bbox 2376 2660 2600 2713; x_wconf 87' lang='lat' dir='ltr'>prorsus</span> <span class='ocrx_word' id='word_1_129' title='bbox 2639 2643 2911 2699; x_wconf 87' lang='lat' dir='ltr'>incertum</span> <span class='ocrx_word' id='word_1_130' title='bbox 2950 2649 3052 2700; x_wconf 81' lang='lat' dir='ltr'>est.</span> <span class='ocrx_word' id='word_1_131' title='bbox 3074 2644 3200 2700; x_wconf 83' lang='lat' dir='ltr'>Non</span> 
     </span>
     <span class='ocr_line' id='line_1_16' title="bbox 730 2743 3198 2815; baseline 0.001 -16"><span class='ocrx_word' id='word_1_132' title='bbox 730 2745 982 2815; x_wconf 81' lang='lat' dir='ltr'>equidem</span> <span class='ocrx_word' id='word_1_133' title='bbox 1008 2746 1194 2800; x_wconf 84' lang='lat' dir='ltr'>dubito</span> <span class='ocrx_word' id='word_1_134' title='bbox 1210 2745 1341 2814; x_wconf 85' lang='lat' dir='ltr'>quin</span> <span class='ocrx_word' id='word_1_135' title='bbox 1359 2745 1574 2802; x_wconf 77' lang='lat' dir='ltr'>inititim</span> <span class='ocrx_word' id='word_1_136' title='bbox 1592 2744 1769 2800; x_wconf 87' lang='lat' dir='ltr'>cultus</span> <span class='ocrx_word' id='word_1_137' title='bbox 1786 2744 2148 2809; x_wconf 85' lang='lat' dir='ltr'>ecclesiastici,</span> <span class='ocrx_word' id='word_1_138' title='bbox 2161 2743 2257 2812; x_wconf 87' lang='lat' dir='ltr'>qui</span> <span class='ocrx_word' id='word_1_139' title='bbox 2274 2743 2485 2798; x_wconf 81' lang='lat' dir='ltr'>Valenti</span> <span class='ocrx_word' id='word_1_140' title='bbox 2508 2748 2572 2799; x_wconf 84' lang='lat' dir='ltr'>ut</span> <span class='ocrx_word' id='word_1_141' title='bbox 2595 2744 2818 2814; x_wconf 74' lang='lat' dir='ltr'>martyri</span> <span class='ocrx_word' id='word_1_142' title='bbox 2839 2744 3198 2812; x_wconf 76' lang='lat' dir='ltr'>tribuebatur,</span> 
     </span>
     <span class='ocr_line' id='line_1_17' title="bbox 726 2842 3202 2914; baseline 0.001 -14"><span class='ocrx_word' id='word_1_143' title='bbox 726 2845 784 2900; x_wconf 89' lang='lat' dir='ltr'>in</span> <span class='ocrx_word' id='word_1_144' title='bbox 809 2845 1146 2899; x_wconf 88' lang='lat' dir='ltr'>monasterio</span> <span class='ocrx_word' id='word_1_145' title='bbox 1169 2844 1362 2899; x_wconf 85' lang='lat' dir='ltr'>Divitis</span> <span class='ocrx_word' id='word_1_146' title='bbox 1394 2845 1602 2912; x_wconf 74' lang='lat' dir='ltr'>Augiae</span> <span class='ocrx_word' id='word_1_147' title='bbox 1624 2842 1696 2899; x_wconf 85' lang='lat' dir='ltr'>sit</span> <span class='ocrx_word' id='word_1_148' title='bbox 1726 2844 1950 2899; x_wconf 76' lang='lat' dir='ltr'>factum.</span> <span class='ocrx_word' id='word_1_149' title='bbox 1974 2844 2090 2899; x_wconf 82' lang='lat' dir='ltr'>Hac</span> <span class='ocrx_word' id='word_1_150' title='bbox 2111 2860 2312 2912; x_wconf 80' lang='lat' dir='ltr'>nempe</span> <span class='ocrx_word' id='word_1_151' title='bbox 2330 2843 2420 2898; x_wconf 88' lang='lat' dir='ltr'>die</span> <span class='ocrx_word' id='word_1_152' title='bbox 2452 2845 2515 2899; x_wconf 71' lang='lat'>91</span> <span class='ocrx_word' id='word_1_153' title='bbox 2537 2845 2664 2909; x_wconf 86' lang='lat' dir='ltr'>mai,</span> <span class='ocrx_word' id='word_1_154' title='bbox 2686 2861 2829 2914; x_wconf 84' lang='lat' dir='ltr'>quae</span> <span class='ocrx_word' id='word_1_155' title='bbox 2851 2844 2911 2900; x_wconf 88' lang='lat' dir='ltr'>in</span> <span class='ocrx_word' id='word_1_156' title='bbox 2935 2846 3202 2902; x_wconf 84' lang='lat' dir='ltr'>lemmate</span> 
     </span>
     <span class='ocr_line' id='line_1_18' title="bbox 726 2942 3202 3015; baseline 0.001 -17"><span class='ocrx_word' id='word_1_157' title='bbox 726 2944 1002 2998; x_wconf 81' lang='lat' dir='ltr'>Passionis</span> <span class='ocrx_word' id='word_1_158' title='bbox 1025 2944 1137 2999; x_wconf 86' lang='lat' dir='ltr'>iam</span> <span class='ocrx_word' id='word_1_159' title='bbox 1161 2944 1407 2999; x_wconf 83' lang='lat' dir='ltr'>edendae</span> <span class='ocrx_word' id='word_1_160' title='bbox 1429 2943 1689 3012; x_wconf 85' lang='lat' dir='ltr'>inscripta</span> <span class='ocrx_word' id='word_1_161' title='bbox 1707 2947 1807 3010; x_wconf 87' lang='lat' dir='ltr'>est,</span> <span class='ocrx_word' id='word_1_162' title='bbox 1830 2943 2028 3012; x_wconf 78' lang='lat' dir='ltr'>legitur</span> <span class='ocrx_word' id='word_1_163' title='bbox 2048 2943 2107 2998; x_wconf 89' lang='lat' dir='ltr'>in</span> <span class='ocrx_word' id='word_1_164' title='bbox 2123 2942 2392 2998; x_wconf 84' lang='lat' dir='ltr'>breviario</span> <span class='ocrx_word' id='word_1_165' title='bbox 2418 2943 2675 3012; x_wconf 75' lang='lat' dir='ltr'>Augiensi</span> <span class='ocrx_word' id='word_1_166' title='bbox 2699 2945 3077 3015; x_wconf 72' lang='lat' dir='ltr'>martyrologii</span> <span class='ocrx_word' id='word_1_167' title='bbox 3093 2946 3202 3001; x_wconf 86' lang='lat' dir='ltr'>hie-</span> 
     </span>
     <span class='ocr_line' id='line_1_19' title="bbox 729 3037 3198 3116; baseline 0 -18"><span class='ocrx_word' id='word_1_168' title='bbox 729 3043 1041 3113; x_wconf 81' lang='lat' dir='ltr'>ronymiani</span> <span class='ocrx_word' id='word_1_169' title='bbox 1063 3043 1205 3097; x_wconf 83' lang='lat' dir='ltr'>inter</span> <span class='ocrx_word' id='word_1_170' title='bbox 1225 3059 1401 3099; x_wconf 84' lang='lat' dir='ltr'>annos</span> <span class='ocrx_word' id='word_1_171' title='bbox 1415 3043 1514 3098; x_wconf 76' lang='lat'>827</span> <span class='ocrx_word' id='word_1_172' title='bbox 1533 3037 1590 3097; x_wconf 81' lang='lat' dir='ltr'>et</span> <span class='ocrx_word' id='word_1_173' title='bbox 1608 3042 1709 3097; x_wconf 72' lang='lat'>842</span> <span class='ocrx_word' id='word_1_174' title='bbox 1743 3042 2053 3111; x_wconf 83' lang='lat' dir='ltr'>conscripto</span> <span class='ocrx_word' id='word_1_175' title='bbox 2079 3063 2093 3097; x_wconf 72' lang='grc' dir='ltr'><strong><em>ε</em></strong></span> <span class='ocrx_word' id='word_1_176' title='bbox 2128 3044 2281 3096; x_wconf 69' lang='lat' dir='ltr'><strong><em>Alibi</em></strong></span> <span class='ocrx_word' id='word_1_177' title='bbox 2320 3043 2374 3097; x_wconf 87' lang='lat' dir='ltr'>S.</span> <span class='ocrx_word' id='word_1_178' title='bbox 2419 3044 2657 3097; x_wconf 65' lang='lat' dir='ltr'>Valenti:</span> <span class='ocrx_word' id='word_1_179' title='bbox 2697 3047 2966 3113; x_wconf 66' lang='lat' dir='ltr'>martyris</span> <span class='ocrx_word' id='word_1_180' title='bbox 3000 3053 3050 3099; x_wconf 82' lang='lat' dir='ltr'>et</span> <span class='ocrx_word' id='word_1_181' title='bbox 3090 3048 3198 3116; x_wconf 76' lang='lat' dir='ltr'>epi-</span> 
     </span>
     <span class='ocr_line' id='line_1_20' title="bbox 728 3141 3203 3213; baseline 0.002 -18"><span class='ocrx_word' id='word_1_182' title='bbox 728 3145 879 3211; x_wconf 69' lang='lat' dir='ltr'>scopi</span> <span class='ocrx_word' id='word_1_183' title='bbox 900 3143 991 3209; x_wconf 83' lang='lat'><strong>(1).</strong></span> <span class='ocrx_word' id='word_1_184' title='bbox 1015 3144 1193 3212; x_wconf 82' lang='lat' dir='ltr'>Atque</span> <span class='ocrx_word' id='word_1_185' title='bbox 1215 3142 1307 3197; x_wconf 85' lang='lat' dir='ltr'>bic</span> <span class='ocrx_word' id='word_1_186' title='bbox 1328 3147 1408 3197; x_wconf 85' lang='lat' dir='ltr'>est</span> <span class='ocrx_word' id='word_1_187' title='bbox 1426 3143 1480 3196; x_wconf 88' lang='lat' dir='ltr'>S.</span> <span class='ocrx_word' id='word_1_188' title='bbox 1509 3141 1711 3196; x_wconf 83' lang='lat' dir='ltr'>Valens</span> <span class='ocrx_word' id='word_1_189' title='bbox 1732 3141 1851 3196; x_wconf 83' lang='lat' dir='ltr'>sive</span> <span class='ocrx_word' id='word_1_190' title='bbox 1874 3141 2209 3206; x_wconf 83' lang='lat' dir='ltr'>Valentinus,</span> <span class='ocrx_word' id='word_1_191' title='bbox 2226 3142 2320 3211; x_wconf 85' lang='lat' dir='ltr'>qui</span> <span class='ocrx_word' id='word_1_192' title='bbox 2337 3157 2502 3211; x_wconf 80' lang='lat' dir='ltr'>saepe</span> <span class='ocrx_word' id='word_1_193' title='bbox 2519 3141 2577 3196; x_wconf 89' lang='lat' dir='ltr'>in</span> <span class='ocrx_word' id='word_1_194' title='bbox 2594 3142 2942 3197; x_wconf 83' lang='lat' dir='ltr'>documentis</span> <span class='ocrx_word' id='word_1_195' title='bbox 2965 3144 3203 3213; x_wconf 71' lang='lat' dir='ltr'>Angien·</span> 
     </span>
     <span class='ocr_line' id='line_1_21' title="bbox 727 3240 3202 3309; baseline 0.001 -12"><span class='ocrx_word' id='word_1_196' title='bbox 727 3241 882 3297; x_wconf 83' lang='lat' dir='ltr'>sibus</span> <span class='ocrx_word' id='word_1_197' title='bbox 899 3242 1213 3297; x_wconf 86' lang='lat' dir='ltr'>nominatur</span> <span class='ocrx_word' id='word_1_198' title='bbox 1228 3242 1318 3308; x_wconf 74' lang='grc' dir='ltr'>(Ξ),</span> <span class='ocrx_word' id='word_1_199' title='bbox 1338 3241 1493 3296; x_wconf 84' lang='lat' dir='ltr'>cuius</span> <span class='ocrx_word' id='word_1_200' title='bbox 1519 3240 1781 3295; x_wconf 85' lang='lat' dir='ltr'>nimirum</span> <span class='ocrx_word' id='word_1_201' title='bbox 1806 3256 2002 3309; x_wconf 84' lang='lat' dir='ltr'>corpus</span> <span class='ocrx_word' id='word_1_202' title='bbox 2026 3240 2084 3294; x_wconf 91' lang='lat' dir='ltr'>in</span> <span class='ocrx_word' id='word_1_203' title='bbox 2120 3240 2522 3295; x_wconf 83' lang='lat' dir='ltr'>monasterium</span> <span class='ocrx_word' id='word_1_204' title='bbox 2567 3240 2702 3296; x_wconf 87' lang='lat' dir='ltr'>illud</span> <span class='ocrx_word' id='word_1_205' title='bbox 2725 3242 3056 3297; x_wconf 83' lang='lat' dir='ltr'>translatum</span> <span class='ocrx_word' id='word_1_206' title='bbox 3081 3260 3202 3299; x_wconf 84' lang='lat' dir='ltr'>esse</span> 
     </span>
    </p>
   </div>
   <div class='ocr_carea' id='block_1_7' title="bbox 726 3338 3206 3508">
    <p class='ocr_par' dir='ltr' id='par_1_7' title="bbox 726 3338 3206 3508">
     <span class='ocr_line' id='line_1_22' title="bbox 729 3338 3206 3435; baseline 0 -38"><span class='ocrx_word' id='word_1_207' title='bbox 729 3342 994 3407; x_wconf 76' lang='lat' dir='ltr'>ferebant,</span> <span class='ocrx_word' id='word_1_208' title='bbox 1011 3357 1285 3411; x_wconf 85' lang='lat' dir='ltr'>quemque</span> <span class='ocrx_word' id='word_1_209' title='bbox 1309 3345 1500 3410; x_wconf 82' lang='lat' dir='ltr'>postea</span> <span class='ocrx_word' id='word_1_210' title='bbox 1521 3340 1822 3409; x_wconf 79' lang='lat' dir='ltr'>Augienses</span> <span class='ocrx_word' id='word_1_211' title='bbox 1845 3355 1965 3394; x_wconf 87' lang='lat' dir='ltr'>esse</span> <span class='ocrx_word' id='word_1_212' title='bbox 1986 3338 2167 3407; x_wconf 87' lang='lat' dir='ltr'>ip&#39;sum</span> <span class='ocrx_word' id='word_1_213' title='bbox 2191 3339 2244 3394; x_wconf 89' lang='lat' dir='ltr'>S.</span> <span class='ocrx_word' id='word_1_214' title='bbox 2282 3339 2528 3435; x_wconf 77' lang='lat' dir='ltr'>Marcum</span> <span class='ocrx_word' id='word_1_215' title='bbox 2551 3341 2866 3408; x_wconf 87' lang='lat' dir='ltr'>apostolum</span> <span class='ocrx_word' id='word_1_216' title='bbox 2898 3341 3206 3398; x_wconf 87' lang='lat' dir='ltr'>commenti</span> 
     </span>
     <span class='ocr_line' id='line_1_23' title="bbox 726 3440 1394 3508; baseline -0.003 -11"><span class='ocrx_word' id='word_1_217' title='bbox 726 3445 856 3497; x_wconf 83' lang='lat' dir='ltr'>sunt</span> <span class='ocrx_word' id='word_1_218' title='bbox 878 3440 968 3508; x_wconf 86' lang='grc'><strong>(3).</strong></span> <span class='ocrx_word' id='word_1_219' title='bbox 1386 3442 1394 3450; x_wconf 85' lang='grc'><em>“</em></span> 
     </span>
    </p>
   </div>
   <div class='ocr_carea' id='block_1_8' title="bbox 730 3554 3208 3724">
    <p class='ocr_par' dir='ltr' id='par_1_8' title="bbox 730 3554 3208 3724">
     <span class='ocr_line' id='line_1_24' title="bbox 795 3554 3206 3637; baseline -0 -25"><span class='ocrx_word' id='word_1_220' title='bbox 795 3557 877 3612; x_wconf 85' lang='lat' dir='ltr'>Ex</span> <span class='ocrx_word' id='word_1_221' title='bbox 892 3555 1162 3637; x_wconf 27' lang='lat' dir='ltr'>Augia,·ni</span> <span class='ocrx_word' id='word_1_222' title='bbox 1185 3556 1363 3616; x_wconf 81' lang='lat' dir='ltr'>fallor,</span> <span class='ocrx_word' id='word_1_223' title='bbox 1390 3554 1600 3609; x_wconf 87' lang='lat' dir='ltr'>transiit</span> <span class='ocrx_word' id='word_1_224' title='bbox 1623 3570 1828 3609; x_wconf 89' lang='lat' dir='ltr'>nomen</span> <span class='ocrx_word' id='word_1_225' title='bbox 1848 3554 2088 3609; x_wconf 83' lang='lat' dir='ltr'>Valentis</span> <span class='ocrx_word' id='word_1_226' title='bbox 2112 3554 2350 3624; x_wconf 86' lang='lat' dir='ltr'>episcopi</span> <span class='ocrx_word' id='word_1_227' title='bbox 2370 3559 2425 3609; x_wconf 84' lang='lat' dir='ltr'>et</span> <span class='ocrx_word' id='word_1_228' title='bbox 2446 3555 2700 3623; x_wconf 84' lang='lat' dir='ltr'>martyris</span> <span class='ocrx_word' id='word_1_229' title='bbox 2723 3556 2779 3610; x_wconf 89' lang='lat' dir='ltr'>in</span> <span class='ocrx_word' id='word_1_230' title='bbox 2801 3555 2913 3611; x_wconf 86' lang='lat' dir='ltr'>alia</span> <span class='ocrx_word' id='word_1_231' title='bbox 2935 3562 3206 3627; x_wconf 76' lang='lat' dir='ltr'>martyro·</span> 
     </span>
     <span class='ocr_line' id='line_1_25' title="bbox 730 3653 3208 3724; baseline 0.001 -14"><span class='ocrx_word' id='word_1_232' title='bbox 730 3657 891 3724; x_wconf 74' lang='lat' dir='ltr'>logia,</span> <span class='ocrx_word' id='word_1_233' title='bbox 914 3673 965 3710; x_wconf 82' lang='lat' dir='ltr'>v.</span> <span class='ocrx_word' id='word_1_234' title='bbox 989 3672 1038 3724; x_wconf 75' lang='lat' dir='ltr'>g.</span> <span class='ocrx_word' id='word_1_235' title='bbox 1059 3655 1115 3709; x_wconf 92' lang='lat' dir='ltr'>in</span> <span class='ocrx_word' id='word_1_236' title='bbox 1137 3655 1614 3724; x_wconf 81' lang='lat' dir='ltr'>hieronymianum</span> <span class='ocrx_word' id='word_1_237' title='bbox 1637 3653 2160 3723; x_wconf 79' lang='lat' dir='ltr'>wissemburgense,</span> <span class='ocrx_word' id='word_1_238' title='bbox 2201 3654 2259 3708; x_wconf 92' lang='lat' dir='ltr'>in</span> <span class='ocrx_word' id='word_1_239' title='bbox 2294 3670 2408 3724; x_wconf 86' lang='lat' dir='ltr'>quo</span> <span class='ocrx_word' id='word_1_240' title='bbox 2436 3670 2606 3709; x_wconf 80' lang='lat' dir='ltr'>manu</span> <span class='ocrx_word' id='word_1_241' title='bbox 2622 3655 2930 3711; x_wconf 87' lang='lat' dir='ltr'>recentiore</span> <span class='ocrx_word' id='word_1_242' title='bbox 2953 3657 3208 3713; x_wconf 84' lang='lat' dir='ltr'>additum</span> 
     </span>
    </p>
   </div>
   <div class='ocr_carea' id='block_1_9' title="bbox 728 3842 3224 4823">
    <p class='ocr_par' dir='ltr' id='par_1_9' title="bbox 728 3842 3224 4823">
     <span class='ocr_line' id='line_1_26' title="bbox 794 3842 3211 3913; baseline 0 -13"><span class='ocrx_word' id='word_1_243' title='bbox 794 3845 869 3913; x_wconf 87' lang='grc'>(1)</span> <span class='ocrx_word' id='word_1_244' title='bbox 888 3845 966 3900; x_wconf 83' lang='lat' dir='ltr'>cf.</span> <span class='ocrx_word' id='word_1_245' title='bbox 1009 3849 1127 3898; x_wconf 78' lang='lat' dir='ltr'>Act.</span> <span class='ocrx_word' id='word_1_246' title='bbox 1152 3846 1265 3909; x_wconf 90' lang='lat' dir='ltr'><strong>SS.,</strong></span> <span class='ocrx_word' id='word_1_247' title='bbox 1309 3844 1445 3898; x_wconf 77' lang='lat' dir='ltr'>Xov.</span> <span class='ocrx_word' id='word_1_248' title='bbox 1469 3849 1504 3897; x_wconf 74' lang='lat' dir='ltr'>t</span> <span class='ocrx_word' id='word_1_249' title='bbox 1528 3843 1589 3909; x_wconf 86' lang='lat'>11,</span> <span class='ocrx_word' id='word_1_250' title='bbox 1627 3845 1671 3908; x_wconf 89' lang='lat'>1,</span> <span class='ocrx_word' id='word_1_251' title='bbox 1711 3859 1763 3911; x_wconf 92' lang='lat' dir='ltr'>p.</span> <span class='ocrx_word' id='word_1_252' title='bbox 1805 3842 1929 3912; x_wconf 77' lang='lat'><strong>[64].</strong></span> <span class='ocrx_word' id='word_1_253' title='bbox 1986 3844 2108 3898; x_wconf 82' lang='lat' dir='ltr'>Non</span> <span class='ocrx_word' id='word_1_254' title='bbox 2138 3844 2318 3913; x_wconf 87' lang='lat' dir='ltr'>inepte</span> <span class='ocrx_word' id='word_1_255' title='bbox 2352 3845 2657 3913; x_wconf 87' lang='lat' dir='ltr'>suspicatus</span> <span class='ocrx_word' id='word_1_256' title='bbox 2699 3850 2783 3900; x_wconf 82' lang='lat' dir='ltr'>est</span> <span class='ocrx_word' id='word_1_257' title='bbox 2819 3847 3211 3904; x_wconf 85' lang='lat' dir='ltr'>Henscbenius</span> 
     </span>
     <span class='ocr_line' id='line_1_27' title="bbox 728 3926 3213 3997; baseline 0.002 -15"><span class='ocrx_word' id='word_1_258' title='bbox 728 3931 865 3990; x_wconf 73' lang='lat' dir='ltr'>(Aet.</span> <span class='ocrx_word' id='word_1_259' title='bbox 889 3927 1002 3990; x_wconf 84' lang='lat' dir='ltr'><strong>SS.,</strong></span> <span class='ocrx_word' id='word_1_260' title='bbox 1020 3926 1122 3980; x_wconf 79' lang='lat' dir='ltr'>Mai</span> <span class='ocrx_word' id='word_1_261' title='bbox 1160 3931 1198 3980; x_wconf 90' lang='lat' dir='ltr'>t.</span> <span class='ocrx_word' id='word_1_262' title='bbox 1227 3926 1284 3987; x_wconf 85' lang='lat' dir='ltr'>V.</span> <span class='ocrx_word' id='word_1_263' title='bbox 1302 3942 1354 3994; x_wconf 90' lang='lat' dir='ltr'>p.</span> <span class='ocrx_word' id='word_1_264' title='bbox 1377 3927 1426 3986; x_wconf 80' lang='lat'>7.</span> <span class='ocrx_word' id='word_1_265' title='bbox 1450 3928 1669 3988; x_wconf 88' lang='lat' dir='ltr'>num.1)</span> <span class='ocrx_word' id='word_1_266' title='bbox 1695 3942 1942 3980; x_wconf 87' lang='lat' dir='ltr'>errorem</span> <span class='ocrx_word' id='word_1_267' title='bbox 1965 3926 2149 3981; x_wconf 81' lang='lat' dir='ltr'>forsan</span> <span class='ocrx_word' id='word_1_268' title='bbox 2191 3926 2281 3980; x_wconf 87' lang='lat' dir='ltr'>hic</span> <span class='ocrx_word' id='word_1_269' title='bbox 2315 3928 2568 3991; x_wconf 84' lang='lat' dir='ltr'>subesse;</span> <span class='ocrx_word' id='word_1_270' title='bbox 2599 3944 2797 3996; x_wconf 87' lang='lat' dir='ltr'>nempe</span> <span class='ocrx_word' id='word_1_271' title='bbox 2815 3929 2910 3997; x_wconf 83' lang='lat' dir='ltr'>qui</span> <span class='ocrx_word' id='word_1_272' title='bbox 2934 3931 2989 3983; x_wconf 89' lang='lat' dir='ltr'>in</span> <span class='ocrx_word' id='word_1_273' title='bbox 3012 3931 3213 3988; x_wconf 85' lang='lat' dir='ltr'>codici·</span> 
     </span>
     <span class='ocr_line' id='line_1_28' title="bbox 732 4008 3218 4078; baseline 0.001 -13"><span class='ocrx_word' id='word_1_274' title='bbox 732 4010 837 4065; x_wconf 85' lang='lat' dir='ltr'>bus</span> <span class='ocrx_word' id='word_1_275' title='bbox 862 4009 1285 4078; x_wconf 73' lang='lat' dir='ltr'>hieronymianis</span> <span class='ocrx_word' id='word_1_276' title='bbox 1308 4008 1662 4063; x_wconf 85' lang='lat' dir='ltr'>annuntiatur</span> <span class='ocrx_word' id='word_1_277' title='bbox 1693 4010 1850 4062; x_wconf 72' lang='lat' dir='ltr'>Vatis</span> <span class='ocrx_word' id='word_1_278' title='bbox 1875 4009 2028 4073; x_wconf 88' lang='lat' dir='ltr'>(alias</span> <span class='ocrx_word' id='word_1_279' title='bbox 2064 4010 2278 4075; x_wconf 73' lang='lat' dir='ltr'>Valens)</span> <span class='ocrx_word' id='word_1_280' title='bbox 2289 4011 2575 4077; x_wconf 75' lang='lat' dir='ltr'>presbyter</span> <span class='ocrx_word' id='word_1_281' title='bbox 2597 4019 2644 4064; x_wconf 78' lang='lat' dir='ltr'>et</span> <span class='ocrx_word' id='word_1_282' title='bbox 2669 4014 2949 4077; x_wconf 71' lang='lat' dir='ltr'>confessor</span> <span class='ocrx_word' id='word_1_283' title='bbox 2972 4014 3218 4068; x_wconf 83' lang='lat' dir='ltr'>Autisio·</span> 
     </span>
     <span class='ocr_line' id='line_1_29' title="bbox 734 4091 3214 4164; baseline 0.002 -17"><span class='ocrx_word' id='word_1_284' title='bbox 734 4094 853 4147; x_wconf 87' lang='lat' dir='ltr'>dori</span> <span class='ocrx_word' id='word_1_285' title='bbox 869 4093 1163 4161; x_wconf 87' lang='lat' dir='ltr'>depositus,</span> <span class='ocrx_word' id='word_1_286' title='bbox 1186 4093 1282 4159; x_wconf 81' lang='lat' dir='ltr'>per</span> <span class='ocrx_word' id='word_1_287' title='bbox 1323 4107 1567 4145; x_wconf 88' lang='lat' dir='ltr'>errorem</span> <span class='ocrx_word' id='word_1_288' title='bbox 1591 4091 1799 4145; x_wconf 86' lang='lat' dir='ltr'>dictum</span> <span class='ocrx_word' id='word_1_289' title='bbox 1822 4107 1945 4146; x_wconf 88' lang='lat' dir='ltr'>esse</span> <span class='ocrx_word' id='word_1_290' title='bbox 1979 4092 2248 4146; x_wconf 78' lang='lat' dir='ltr'>Valentem</span> <span class='ocrx_word' id='word_1_291' title='bbox 2274 4095 2579 4161; x_wconf 60' lang='lat' dir='ltr'>episcopum</span> <span class='ocrx_word' id='word_1_292' title='bbox 2602 4102 2648 4146; x_wconf 80' lang='lat' dir='ltr'>et</span> <span class='ocrx_word' id='word_1_293' title='bbox 2668 4103 2963 4161; x_wconf 76' lang='lat' dir='ltr'>martyrem</span> <span class='ocrx_word' id='word_1_294' title='bbox 2997 4096 3214 4164; x_wconf 61' lang='lat' dir='ltr'>Aueiae</span> 
     </span>
     <span class='ocr_line' id='line_1_30' title="bbox 735 4174 3213 4245; baseline 0.001 -15"><span class='ocrx_word' id='word_1_295' title='bbox 735 4176 1122 4245; x_wconf 85' lang='lat' dir='ltr'>quiescentem.</span> <span class='ocrx_word' id='word_1_296' title='bbox 1146 4175 1301 4242; x_wconf 87' lang='lat' dir='ltr'>Quae</span> <span class='ocrx_word' id='word_1_297' title='bbox 1332 4175 1647 4228; x_wconf 88' lang='lat' dir='ltr'>coniectura</span> <span class='ocrx_word' id='word_1_298' title='bbox 1685 4178 1738 4227; x_wconf 83' lang='lat' dir='ltr'>et</span> <span class='ocrx_word' id='word_1_299' title='bbox 1773 4174 1933 4228; x_wconf 89' lang='lat' dir='ltr'>nobis</span> <span class='ocrx_word' id='word_1_300' title='bbox 1969 4175 2130 4228; x_wconf 78' lang='lat' dir='ltr'>valde</span> <span class='ocrx_word' id='word_1_301' title='bbox 2162 4175 2439 4242; x_wconf 86' lang='lat' dir='ltr'>probatur,</span> <span class='ocrx_word' id='word_1_302' title='bbox 2469 4182 2523 4228; x_wconf 91' lang='lat' dir='ltr'>et</span> <span class='ocrx_word' id='word_1_303' title='bbox 2562 4176 2762 4230; x_wconf 87' lang='lat' dir='ltr'>collato</span> <span class='ocrx_word' id='word_1_304' title='bbox 2806 4181 2963 4231; x_wconf 83' lang='lat' dir='ltr'>textu</span> <span class='ocrx_word' id='word_1_305' title='bbox 3003 4180 3213 4234; x_wconf 81' lang='lat' dir='ltr'>codicis</span> 
     </span>
     <span class='ocr_line' id='line_1_31' title="bbox 732 4257 3216 4328; baseline 0.002 -15"><span class='ocrx_word' id='word_1_306' title='bbox 732 4257 1147 4327; x_wconf 85' lang='lat' dir='ltr'>Epternacensis</span> <span class='ocrx_word' id='word_1_307' title='bbox 1190 4275 1316 4312; x_wconf 85' lang='lat' dir='ltr'>cnm</span> <span class='ocrx_word' id='word_1_308' title='bbox 1374 4257 1646 4311; x_wconf 84' lang='lat' dir='ltr'>breviario</span> <span class='ocrx_word' id='word_1_309' title='bbox 1691 4257 1951 4325; x_wconf 80' lang='lat' dir='ltr'>Augiensi</span> <span class='ocrx_word' id='word_1_310' title='bbox 2010 4261 2193 4325; x_wconf 86' lang='lat' dir='ltr'>potest</span> <span class='ocrx_word' id='word_1_311' title='bbox 2252 4257 2581 4312; x_wconf 82' lang='lat' dir='ltr'>confirmari.</span> <span class='ocrx_word' id='word_1_312' title='bbox 2627 4257 2711 4313; x_wconf 88' lang='lat' dir='ltr'>Ita</span> <span class='ocrx_word' id='word_1_313' title='bbox 2766 4275 2967 4328; x_wconf 89' lang='lat' dir='ltr'>nempe</span> <span class='ocrx_word' id='word_1_314' title='bbox 3025 4266 3216 4317; x_wconf 81' lang='lat' dir='ltr'>textus</span> 
     </span>
     <span class='ocr_line' id='line_1_32' title="bbox 734 4339 3218 4411; baseline 0.002 -15"><span class='ocrx_word' id='word_1_315' title='bbox 734 4341 1144 4411; x_wconf 83' lang='lat' dir='ltr'>Epternacensis</span> <span class='ocrx_word' id='word_1_316' title='bbox 1159 4341 1229 4394; x_wconf 87' lang='lat' dir='ltr'>ad</span> <span class='ocrx_word' id='word_1_317' title='bbox 1251 4341 1304 4394; x_wconf 86' lang='lat' dir='ltr'>d.</span> <span class='ocrx_word' id='word_1_318' title='bbox 1325 4341 1386 4394; x_wconf 70' lang='lat'>91</span> <span class='ocrx_word' id='word_1_319' title='bbox 1418 4340 1547 4404; x_wconf 85' lang='lat' dir='ltr'>mai,</span> <span class='ocrx_word' id='word_1_320' title='bbox 1568 4339 1628 4393; x_wconf 89' lang='lat' dir='ltr'>in</span> <span class='ocrx_word' id='word_1_321' title='bbox 1645 4339 1757 4393; x_wconf 84' lang='lat' dir='ltr'>fine</span> <span class='ocrx_word' id='word_1_322' title='bbox 1776 4340 2023 4393; x_wconf 86' lang='lat' dir='ltr'>laterculi</span> <span class='ocrx_word' id='word_1_323' title='bbox 2044 4340 2182 4400; x_wconf 80' lang='lat' dir='ltr'>(Aet.</span> <span class='ocrx_word' id='word_1_324' title='bbox 2217 4339 2329 4405; x_wconf 88' lang='lat' dir='ltr'><strong>SS.,</strong></span> <span class='ocrx_word' id='word_1_325' title='bbox 2358 4339 2492 4395; x_wconf 77' lang='lat' dir='ltr'>Nov.</span> <span class='ocrx_word' id='word_1_326' title='bbox 2512 4343 2552 4396; x_wconf 86' lang='lat' dir='ltr'>t.</span> <span class='ocrx_word' id='word_1_327' title='bbox 2574 4339 2640 4406; x_wconf 89' lang='lat' dir='ltr'>H,</span> <span class='ocrx_word' id='word_1_328' title='bbox 2672 4342 2707 4395; x_wconf 92' lang='lat' dir='ltr'>l.</span> <span class='ocrx_word' id='word_1_329' title='bbox 2730 4341 2797 4409; x_wconf 91' lang='lat' dir='ltr'>c.)</span> <span class='ocrx_word' id='word_1_330' title='bbox 2823 4346 2880 4395; x_wconf 81' lang='lat' dir='ltr'>in</span> <span class='ocrx_word' id='word_1_331' title='bbox 2904 4344 3218 4401; x_wconf 66' lang='lat' dir='ltr'>Britannia</span> 
     </span>
     <span class='ocr_line' id='line_1_33' title="bbox 740 4423 3217 4494; baseline 0.002 -16"><span class='ocrx_word' id='word_1_332' title='bbox 740 4426 1002 4478; x_wconf 76' lang='lat' dir='ltr'>Timothei</span> <span class='ocrx_word' id='word_1_333' title='bbox 1040 4425 1259 4477; x_wconf 77' lang='lat' dir='ltr'>diaconi</span> <span class='ocrx_word' id='word_1_334' title='bbox 1296 4431 1351 4476; x_wconf 85' lang='lat' dir='ltr'>et</span> <span class='ocrx_word' id='word_1_335' title='bbox 1409 4424 1599 4475; x_wconf 72' lang='lat' dir='ltr'><strong><em>alibi</em></strong></span> <span class='ocrx_word' id='word_1_336' title='bbox 1650 4423 1859 4476; x_wconf 73' lang='lat' dir='ltr'>Mathea‘</span> <span class='ocrx_word' id='word_1_337' title='bbox 1899 4425 2146 4489; x_wconf 66' lang='lat' dir='ltr'>apostoli.</span> <span class='ocrx_word' id='word_1_338' title='bbox 2198 4423 2422 4476; x_wconf 70' lang='lat' dir='ltr'>Ciuitate</span> <span class='ocrx_word' id='word_1_339' title='bbox 2462 4426 2906 4478; x_wconf 75' lang='lat' dir='ltr'>Autae’siodorensi</span> <span class='ocrx_word' id='word_1_340' title='bbox 2949 4427 3217 4494; x_wconf 69' lang='lat' dir='ltr'>depositio</span> 
     </span>
     <span class='ocr_line' id='line_1_34' title="bbox 742 4504 3219 4576; baseline 0.002 -17"><span class='ocrx_word' id='word_1_341' title='bbox 742 4507 984 4560; x_wconf 71' lang='lat' dir='ltr'>Valentis</span> <span class='ocrx_word' id='word_1_342' title='bbox 998 4507 1328 4574; x_wconf 53' lang='lat' dir='ltr'>presbyteri}</span> <span class='ocrx_word' id='word_1_343' title='bbox 1349 4505 1635 4572; x_wconf 85' lang='lat' dir='ltr'>Augiensis</span> <span class='ocrx_word' id='word_1_344' title='bbox 1658 4509 1846 4558; x_wconf 86' lang='lat' dir='ltr'>autem</span> <span class='ocrx_word' id='word_1_345' title='bbox 1871 4504 2163 4569; x_wconf 81' lang='lat' dir='ltr'>breviator,</span> <span class='ocrx_word' id='word_1_346' title='bbox 2192 4504 2423 4567; x_wconf 83' lang='lat' dir='ltr'>omissis,</span> <span class='ocrx_word' id='word_1_347' title='bbox 2447 4509 2510 4558; x_wconf 86' lang='lat' dir='ltr'>ut</span> <span class='ocrx_word' id='word_1_348' title='bbox 2532 4505 2762 4571; x_wconf 79' lang='lat' dir='ltr'>videtur,</span> <span class='ocrx_word' id='word_1_349' title='bbox 2780 4507 2991 4576; x_wconf 83' lang='lat' dir='ltr'>aliquot</span> <span class='ocrx_word' id='word_1_350' title='bbox 3027 4510 3219 4566; x_wconf 84' lang='lat' dir='ltr'>verbis</span> 
     </span>
     <span class='ocr_line' id='line_1_35' title="bbox 735 4588 3220 4660; baseline 0.002 -16"><span class='ocrx_word' id='word_1_351' title='bbox 735 4593 790 4645; x_wconf 87' lang='lat' dir='ltr'>et</span> <span class='ocrx_word' id='word_1_352' title='bbox 811 4589 1003 4644; x_wconf 87' lang='lat' dir='ltr'>ultimo</span> <span class='ocrx_word' id='word_1_353' title='bbox 1027 4592 1241 4642; x_wconf 84' lang='lat' dir='ltr'>mutato</span> <span class='ocrx_word' id='word_1_354' title='bbox 1268 4607 1281 4641; x_wconf 72' lang='grc' dir='ltr'>ε</span> <span class='ocrx_word' id='word_1_355' title='bbox 1314 4591 1376 4641; x_wconf 76' lang='lat' dir='ltr'>in</span> <span class='ocrx_word' id='word_1_356' title='bbox 1414 4590 1679 4641; x_wconf 63' lang='lat' dir='ltr'>Brittania</span> <span class='ocrx_word' id='word_1_357' title='bbox 1708 4589 1974 4642; x_wconf 74' lang='lat' dir='ltr'>Timothei</span> <span class='ocrx_word' id='word_1_358' title='bbox 1994 4589 2229 4642; x_wconf 73' lang='lat' dir='ltr'>diaconi.</span> <span class='ocrx_word' id='word_1_359' title='bbox 2269 4589 2464 4641; x_wconf 76' lang='lat' dir='ltr'>Alibi</span> <span class='ocrx_word' id='word_1_360' title='bbox 2506 4588 2563 4643; x_wconf 87' lang='lat' dir='ltr'>S.</span> <span class='ocrx_word' id='word_1_361' title='bbox 2595 4590 2840 4643; x_wconf 70' lang='lat' dir='ltr'>Valentis</span> <span class='ocrx_word' id='word_1_362' title='bbox 2860 4597 3132 4660; x_wconf 69' lang='lat' dir='ltr'>martyria</span> <span class='ocrx_word' id='word_1_363' title='bbox 3164 4603 3220 4649; x_wconf 77' lang='lat' dir='ltr'>et</span> 
     </span>
     <span class='ocr_line' id='line_1_36' title="bbox 737 4669 3222 4740; baseline 0.003 -15"><span class='ocrx_word' id='word_1_364' title='bbox 737 4674 985 4740; x_wconf 69' lang='lat' dir='ltr'>episcopt.</span> <span class='ocrx_word' id='word_1_365' title='bbox 1009 4698 1075 4707; x_wconf 90' lang='lat'>——</span> <span class='ocrx_word' id='word_1_366' title='bbox 1097 4670 1170 4736; x_wconf 72' lang='lat'>(2)</span> <span class='ocrx_word' id='word_1_367' title='bbox 1215 4669 1537 4725; x_wconf 84' lang='lat' dir='ltr'>Walahfn‘di</span> <span class='ocrx_word' id='word_1_368' title='bbox 1556 4669 1854 4723; x_wconf 88' lang='lat' dir='ltr'>carmenin</span> <span class='ocrx_word' id='word_1_369' title='bbox 1881 4671 2028 4735; x_wconf 67' lang='lat' dir='ltr'>MG„</span> <span class='ocrx_word' id='word_1_370' title='bbox 2045 4674 2192 4737; x_wconf 86' lang='lat' dir='ltr'>poet.</span> <span class='ocrx_word' id='word_1_371' title='bbox 2214 4669 2309 4725; x_wconf 87' lang='lat' dir='ltr'>lat.</span> <span class='ocrx_word' id='word_1_372' title='bbox 2341 4674 2378 4724; x_wconf 84' lang='lat' dir='ltr'>t.</span> <span class='ocrx_word' id='word_1_373' title='bbox 2403 4670 2468 4736; x_wconf 85' lang='lat'>11,</span> <span class='ocrx_word' id='word_1_374' title='bbox 2500 4687 2554 4740; x_wconf 91' lang='lat' dir='ltr'>p.</span> <span class='ocrx_word' id='word_1_375' title='bbox 2567 4672 2741 4736; x_wconf 58' lang='lat'>405&amp;</span> <span class='ocrx_word' id='word_1_376' title='bbox 2776 4672 2844 4726; x_wconf 88' lang='lat' dir='ltr'>cs.</span> <span class='ocrx_word' id='word_1_377' title='bbox 2878 4672 3222 4732; x_wconf 85' lang='lat' dir='ltr'>documenta</span> 
     </span>
     <span class='ocr_line' id='line_1_37' title="bbox 734 4751 3224 4823; baseline 0.002 -15"><span class='ocrx_word' id='word_1_378' title='bbox 734 4752 881 4818; x_wconf 73' lang='lat' dir='ltr'>ibid..</span> <span class='ocrx_word' id='word_1_379' title='bbox 899 4769 949 4822; x_wconf 92' lang='lat' dir='ltr'>p.</span> <span class='ocrx_word' id='word_1_380' title='bbox 963 4753 1083 4818; x_wconf 73' lang='lat'>406.</span> <span class='ocrx_word' id='word_1_381' title='bbox 1100 4757 1215 4808; x_wconf 89' lang='lat' dir='ltr'>not.</span> <span class='ocrx_word' id='word_1_382' title='bbox 1236 4754 1282 4815; x_wconf 88' lang='lat'>1,</span> <span class='ocrx_word' id='word_1_383' title='bbox 1300 4753 1480 4809; x_wconf 86' lang='lat' dir='ltr'>citata.</span> <span class='ocrx_word' id='word_1_384' title='bbox 1497 4751 1659 4807; x_wconf 82' lang='lat' dir='ltr'>Aliud</span> <span class='ocrx_word' id='word_1_385' title='bbox 1686 4768 1913 4807; x_wconf 87' lang='lat' dir='ltr'>carmen</span> <span class='ocrx_word' id='word_1_386' title='bbox 1932 4752 2017 4806; x_wconf 89' lang='lat' dir='ltr'>ed.</span> <span class='ocrx_word' id='word_1_387' title='bbox 2036 4754 2212 4807; x_wconf 74' lang='lat' dir='ltr'>Neues</span> <span class='ocrx_word' id='word_1_388' title='bbox 2228 4754 2374 4806; x_wconf 75' lang='lat' dir='ltr'>Arch</span> <span class='ocrx_word' id='word_1_389' title='bbox 2384 4757 2450 4817; x_wconf 73' lang='grc' dir='ltr'>ἰν,</span> <span class='ocrx_word' id='word_1_390' title='bbox 2465 4757 2501 4807; x_wconf 86' lang='lat' dir='ltr'>t.</span> <span class='ocrx_word' id='word_1_391' title='bbox 2514 4753 2578 4818; x_wconf 85' lang='lat' dir='ltr'>V,</span> <span class='ocrx_word' id='word_1_392' title='bbox 2598 4769 2651 4821; x_wconf 93' lang='lat' dir='ltr'>p.</span> <span class='ocrx_word' id='word_1_393' title='bbox 2666 4754 2871 4810; x_wconf 76' lang='lat'><strong>621-22.</strong></span> <span class='ocrx_word' id='word_1_394' title='bbox 2886 4784 2952 4795; x_wconf 93' lang='lat'>—</span> <span class='ocrx_word' id='word_1_395' title='bbox 2964 4758 3037 4823; x_wconf 75' lang='lat'>(3)</span> <span class='ocrx_word' id='word_1_396' title='bbox 3056 4758 3224 4815; x_wconf 76' lang='lat' dir='ltr'>Mira·</span> 
     </span>
    </p>
   </div>
   <div class='ocr_carea' id='block_1_10' title="bbox 736 4835 3224 4989">
    <p class='ocr_par' dir='ltr' id='par_1_10' title="bbox 736 4835 3224 4989">
     <span class='ocr_line' id='line_1_38' title="bbox 736 4835 3224 4904; baseline 0.003 -13"><span class='ocrx_word' id='word_1_397' title='bbox 736 4836 861 4892; x_wconf 85' lang='lat' dir='ltr'>cula</span> <span class='ocrx_word' id='word_1_398' title='bbox 882 4836 937 4891; x_wconf 91' lang='lat' dir='ltr'>S.</span> <span class='ocrx_word' id='word_1_399' title='bbox 959 4836 1138 4901; x_wconf 75' lang='lat' dir='ltr'>Marci,</span> <span class='ocrx_word' id='word_1_400' title='bbox 1160 4851 1262 4904; x_wconf 88' lang='lat' dir='ltr'>cap</span> <span class='ocrx_word' id='word_1_401' title='bbox 1299 4835 1333 4889; x_wconf 75' lang='lat'><strong>2</strong></span> <span class='ocrx_word' id='word_1_402' title='bbox 1367 4841 1504 4890; x_wconf 82' lang='lat' dir='ltr'>extr.</span> <span class='ocrx_word' id='word_1_403' title='bbox 1554 4836 1703 4902; x_wconf 66' lang='lat' dir='ltr'>Me„</span> <span class='ocrx_word' id='word_1_404' title='bbox 1737 4835 1853 4890; x_wconf 86' lang='lat' dir='ltr'>Ser.</span> <span class='ocrx_word' id='word_1_405' title='bbox 1877 4839 1918 4892; x_wconf 87' lang='lat' dir='ltr'>t.</span> <span class='ocrx_word' id='word_1_406' title='bbox 1938 4835 2028 4901; x_wconf 75' lang='lat' dir='ltr'>IV,</span> <span class='ocrx_word' id='word_1_407' title='bbox 2051 4851 2104 4904; x_wconf 94' lang='lat' dir='ltr'>p.</span> <span class='ocrx_word' id='word_1_408' title='bbox 2135 4836 2253 4891; x_wconf 71' lang='lat'><strong>450.</strong></span> <span class='ocrx_word' id='word_1_409' title='bbox 2293 4835 2373 4891; x_wconf 75' lang='lat' dir='ltr'>cf.</span> <span class='ocrx_word' id='word_1_410' title='bbox 2391 4836 2776 4903; x_wconf 76' lang='lat' dir='ltr'>wattenbach,</span> <span class='ocrx_word' id='word_1_411' title='bbox 2810 4839 3224 4899; x_wconf 70' lang='lat' dir='ltr'>Deuteehlands</span> 
     </span>
     <span class='ocr_line' id='line_1_39' title="bbox 743 4918 1645 4989; baseline -0.002 -15"><span class='ocrx_word' id='word_1_412' title='bbox 743 4921 1277 4989; x_wconf 67' lang='lat' dir='ltr'>Geechichtequellen,</span> <span class='ocrx_word' id='word_1_413' title='bbox 1300 4922 1341 4972; x_wconf 84' lang='lat' dir='ltr'>t.</span> <span class='ocrx_word' id='word_1_414' title='bbox 1363 4919 1433 4984; x_wconf 77' lang='lat'>1⁶,</span> <span class='ocrx_word' id='word_1_415' title='bbox 1455 4934 1509 4987; x_wconf 91' lang='lat' dir='ltr'>p.</span> <span class='ocrx_word' id='word_1_416' title='bbox 1529 4918 1645 4973; x_wconf 76' lang='lat'><strong>285.</strong></span> 
     </span>
    </p>
   </div>
  </div>
 </body>
</html>
