<?xml version="1.0" encoding="UTF-8"?>
<!DOCTYPE html PUBLIC "-//W3C//DTD XHTML 1.0 Transitional//EN"
    "http://www.w3.org/TR/xhtml1/DTD/xhtml1-transitional.dtd">
<html xmlns="http://www.w3.org/1999/xhtml" xml:lang="en" lang="en">
 <head>
  <title>
</title>
<meta http-equiv="Content-Type" content="text/html;charset=utf-8" />
  <meta name='ocr-system' content='tesseract 3.04.00' />
  <meta name='ocr-capabilities' content='ocr_page ocr_carea ocr_par ocr_line ocrx_word'/>
</head>
<body>
  <div class='ocr_page' id='page_1' title='image "analectabolland01bollgoog_0205.png"; bbox 0 0 3487 5450; ppageno 0'>
   <div class='ocr_carea' id='block_1_1' title="bbox 1273 633 2783 728">
    <p class='ocr_par' dir='ltr' id='par_1_1' title="bbox 1273 633 2783 728">
     <span class='ocr_line' id='line_1_1' title="bbox 1273 633 2783 728; baseline 0.002 -23"><span class='ocrx_word' id='word_1_1' title='bbox 1273 653 1623 706; x_wconf 62' lang='lat' dir='ltr'>uranum</span> <span class='ocrx_word' id='word_1_2' title='bbox 1671 654 1820 728; x_wconf 80' lang='lat' dir='ltr'><strong>xlx.</strong></span> <span class='ocrx_word' id='word_1_3' title='bbox 2644 633 2783 719; x_wconf 78' lang='lat'>195</span> 
     </span>
    </p>
   </div>
   <div class='ocr_carea' id='block_1_2' title="bbox 176 840 2852 4789">
    <p class='ocr_par' dir='ltr' id='par_1_2' title="bbox 218 840 2852 2222">
     <span class='ocr_line' id='line_1_2' title="bbox 326 840 2786 939; baseline 0 -31"><span class='ocrx_word' id='word_1_4' title='bbox 326 841 735 926; x_wconf 87' lang='lat' dir='ltr'>ubicumque,</span> <span class='ocrx_word' id='word_1_5' title='bbox 764 840 984 907; x_wconf 82' lang='lat' dir='ltr'>divina</span> <span class='ocrx_word' id='word_1_6' title='bbox 1011 841 1394 926; x_wconf 81' lang='lat' dir='ltr'>disponente</span> <span class='ocrx_word' id='word_1_7' title='bbox 1421 843 1851 926; x_wconf 83' lang='lat' dir='ltr'>providentia,</span> <span class='ocrx_word' id='word_1_8' title='bbox 1873 842 2170 926; x_wconf 88' lang='lat' dir='ltr'>spiritum</span> <span class='ocrx_word' id='word_1_9' title='bbox 2199 842 2377 908; x_wconf 89' lang='lat' dir='ltr'>caelo</span> <span class='ocrx_word' id='word_1_10' title='bbox 2405 844 2786 939; x_wconf 52' lang='lat' dir='ltr'>praemittes-</span> 
     </span>
     <span class='ocr_line' id='line_1_3' title="bbox 322 940 2782 1026; baseline 0 -18"><span class='ocrx_word' id='word_1_11' title='bbox 322 946 471 1008; x_wconf 90' lang='lat' dir='ltr'>rent</span> <span class='ocrx_word' id='word_1_12' title='bbox 490 944 534 1020; x_wconf 83' lang='lat'>¹,</span> <span class='ocrx_word' id='word_1_13' title='bbox 570 941 694 1006; x_wconf 93' lang='lat' dir='ltr'>illic</span> <span class='ocrx_word' id='word_1_14' title='bbox 723 941 923 1007; x_wconf 90' lang='lat' dir='ltr'>etiam</span> <span class='ocrx_word' id='word_1_15' title='bbox 949 940 1202 1006; x_wconf 88' lang='lat' dir='ltr'>illorum</span> <span class='ocrx_word' id='word_1_16' title='bbox 1224 961 1496 1025; x_wconf 88' lang='lat' dir='ltr'>corpora</span> <span class='ocrx_word' id='word_1_17' title='bbox 1516 941 1763 1025; x_wconf 88' lang='lat' dir='ltr'>pariter</span> <span class='ocrx_word' id='word_1_18' title='bbox 1782 944 1959 1008; x_wconf 90' lang='lat' dir='ltr'>terra</span> <span class='ocrx_word' id='word_1_19' title='bbox 1980 946 2369 1024; x_wconf 75' lang='lat' dir='ltr'>contegeret,</span> <span class='ocrx_word' id='word_1_20' title='bbox 2388 946 2482 1025; x_wconf 85' lang='lat' dir='ltr'>ut,</span> <span class='ocrx_word' id='word_1_21' title='bbox 2504 963 2782 1026; x_wconf 87' lang='lat' dir='ltr'>quorum</span> 
     </span>
     <span class='ocr_line' id='line_1_4' title="bbox 324 1040 2852 1127; baseline 0.001 -20"><span class='ocrx_word' id='word_1_22' title='bbox 324 1042 526 1108; x_wconf 90' lang='lat' dir='ltr'>corda</span> <span class='ocrx_word' id='word_1_23' title='bbox 545 1040 615 1105; x_wconf 91' lang='lat' dir='ltr'>in</span> <span class='ocrx_word' id='word_1_24' title='bbox 643 1059 963 1127; x_wconf 87' lang='lat' dir='ltr'>superno</span> <span class='ocrx_word' id='word_1_25' title='bbox 964 1060 1188 1106; x_wconf 90' lang='lat' dir='ltr'>amore</span> <span class='ocrx_word' id='word_1_26' title='bbox 1217 1040 1582 1106; x_wconf 87' lang='lat' dir='ltr'>indivisibili</span> <span class='ocrx_word' id='word_1_27' title='bbox 1601 1040 1873 1106; x_wconf 85' lang='lat' dir='ltr'>caritate</span> <span class='ocrx_word' id='word_1_28' title='bbox 1893 1041 2124 1124; x_wconf 89' lang='lat' dir='ltr'>iugiter</span> <span class='ocrx_word' id='word_1_29' title='bbox 2144 1041 2530 1124; x_wconf 88' lang='lat' dir='ltr'>flagrabant,</span> <span class='ocrx_word' id='word_1_30' title='bbox 2553 1062 2783 1109; x_wconf 89' lang='lat' dir='ltr'>eorum</span> <span class='ocrx_word' id='word_1_31' title='bbox 2849 1093 2852 1096; x_wconf 61' lang='grc'><strong>.</strong></span> 
     </span>
     <span class='ocr_line' id='line_1_5' title="bbox 324 1140 2781 1225; baseline 0 -18"><span class='ocrx_word' id='word_1_32' title='bbox 324 1140 523 1207; x_wconf 88' lang='lat' dir='ltr'>etiam</span> <span class='ocrx_word' id='word_1_33' title='bbox 547 1160 696 1205; x_wconf 91' lang='lat' dir='ltr'>ossa</span> <span class='ocrx_word' id='word_1_34' title='bbox 725 1144 986 1205; x_wconf 89' lang='lat' dir='ltr'>mortua</span> <span class='ocrx_word' id='word_1_35' title='bbox 1007 1140 1182 1206; x_wconf 90' lang='lat' dir='ltr'>nullo</span> <span class='ocrx_word' id='word_1_36' title='bbox 1205 1140 1401 1205; x_wconf 90' lang='lat' dir='ltr'>modo</span> <span class='ocrx_word' id='word_1_37' title='bbox 1429 1140 1959 1206; x_wconf 80' lang='lat' dir='ltr'>‘secernerentur</span> <span class='ocrx_word' id='word_1_38' title='bbox 1941 1160 2009 1204; x_wconf 88' lang='lat' dir='ltr'>m</span> <span class='ocrx_word' id='word_1_39' title='bbox 2029 1140 2297 1205; x_wconf 72' lang='lat' dir='ltr'>tumulo,</span> <span class='ocrx_word' id='word_1_40' title='bbox 2324 1140 2606 1225; x_wconf 89' lang='lat' dir='ltr'>Contigit</span> <span class='ocrx_word' id='word_1_41' title='bbox 2625 1161 2781 1208; x_wconf 82' lang='lat' dir='ltr'>vero</span> 
     </span>
     <span class='ocr_line' id='line_1_6' title="bbox 255 1236 2784 1322; baseline 0 -18"><span class='ocrx_word' id='word_1_42' title='bbox 255 1256 285 1304; x_wconf 72' lang='grc' dir='ltr'><strong>ο</strong></span> <span class='ocrx_word' id='word_1_43' title='bbox 322 1239 490 1305; x_wconf 89' lang='lat' dir='ltr'>inter</span> <span class='ocrx_word' id='word_1_44' title='bbox 531 1238 715 1316; x_wconf 88' lang='lat' dir='ltr'>haec,</span> <span class='ocrx_word' id='word_1_45' title='bbox 742 1238 1029 1302; x_wconf 90' lang='lat' dir='ltr'>irruente</span> <span class='ocrx_word' id='word_1_46' title='bbox 1070 1237 1399 1321; x_wconf 88' lang='lat' dir='ltr'>languore,</span> <span class='ocrx_word' id='word_1_47' title='bbox 1441 1238 1711 1303; x_wconf 91' lang='lat' dir='ltr'>beatum</span> <span class='ocrx_word' id='word_1_48' title='bbox 1737 1236 2116 1320; x_wconf 83' lang='lat' dir='ltr'>Dionysium</span> <span class='ocrx_word' id='word_1_49' title='bbox 2145 1238 2397 1302; x_wconf 88' lang='lat' dir='ltr'>obitum</span> <span class='ocrx_word' id='word_1_50' title='bbox 2431 1258 2622 1305; x_wconf 86' lang='lat' dir='ltr'>suum</span> <span class='ocrx_word' id='word_1_51' title='bbox 2662 1259 2784 1322; x_wconf 91' lang='lat' dir='ltr'>per</span> 
     </span>
     <span class='ocr_line' id='line_1_7' title="bbox 323 1336 2787 1451; baseline 0 -48"><span class='ocrx_word' id='word_1_52' title='bbox 323 1338 624 1451; x_wconf 78' lang='lat' dir='ltr'>spiritum</span> <span class='ocrx_word' id='word_1_53' title='bbox 658 1336 1187 1420; x_wconf 88' lang='lat' dir='ltr'>appropinquare</span> <span class='ocrx_word' id='word_1_54' title='bbox 1208 1337 1481 1403; x_wconf 81' lang='lat' dir='ltr'>sentisse</span> <span class='ocrx_word' id='word_1_55' title='bbox 1503 1337 1831 1420; x_wconf 90' lang='lat' dir='ltr'>finemque</span> <span class='ocrx_word' id='word_1_56' title='bbox 1852 1355 2078 1401; x_wconf 88' lang='lat' dir='ltr'>cursus</span> <span class='ocrx_word' id='word_1_57' title='bbox 2106 1336 2205 1401; x_wconf 91' lang='lat' dir='ltr'>sui</span> <span class='ocrx_word' id='word_1_58' title='bbox 2248 1341 2446 1421; x_wconf 87' lang='lat' dir='ltr'>atque</span> <span class='ocrx_word' id='word_1_59' title='bbox 2487 1339 2787 1404; x_wconf 81' lang='lat' dir='ltr'>certami-</span> 
     </span>
     <span class='ocr_line' id='line_1_8' title="bbox 324 1435 2788 1520; baseline 0.001 -18"><span class='ocrx_word' id='word_1_60' title='bbox 324 1438 425 1503; x_wconf 89' lang='lat' dir='ltr'>nis</span> <span class='ocrx_word' id='word_1_61' title='bbox 453 1437 652 1502; x_wconf 87' lang='lat' dir='ltr'>fuisse</span> <span class='ocrx_word' id='word_1_62' title='bbox 681 1437 1105 1520; x_wconf 86' lang='lat' dir='ltr'>completum;</span> <span class='ocrx_word' id='word_1_63' title='bbox 1129 1435 1304 1519; x_wconf 91' lang='lat' dir='ltr'>quod</span> <span class='ocrx_word' id='word_1_64' title='bbox 1324 1436 1760 1501; x_wconf 89' lang='lat' dir='ltr'>felicissimum</span> <span class='ocrx_word' id='word_1_65' title='bbox 1784 1435 2307 1502; x_wconf 78' lang='lat' dir='ltr'>et²sacerdotem</span> <span class='ocrx_word' id='word_1_66' title='bbox 2329 1455 2463 1501; x_wconf 91' lang='lat' dir='ltr'>non</span> <span class='ocrx_word' id='word_1_67' title='bbox 2484 1438 2668 1503; x_wconf 81' lang='lat' dir='ltr'>celat.</span> <span class='ocrx_word' id='word_1_68' title='bbox 2695 1439 2788 1504; x_wconf 91' lang='lat' dir='ltr'>At</span> 
     </span>
     <span class='ocr_line' id='line_1_9' title="bbox 320 1535 2787 1619; baseline 0 -17"><span class='ocrx_word' id='word_1_69' title='bbox 320 1538 557 1602; x_wconf 88' lang='lat' dir='ltr'>beatus</span> <span class='ocrx_word' id='word_1_70' title='bbox 574 1536 878 1602; x_wconf 88' lang='lat' dir='ltr'>Aurelius</span> <span class='ocrx_word' id='word_1_71' title='bbox 901 1535 1015 1601; x_wconf 88' lang='lat' dir='ltr'>tali</span> <span class='ocrx_word' id='word_1_72' title='bbox 1035 1555 1105 1601; x_wconf 90' lang='lat' dir='ltr'>se</span> <span class='ocrx_word' id='word_1_73' title='bbox 1120 1536 1405 1601; x_wconf 89' lang='lat' dir='ltr'>sentiens</span> <span class='ocrx_word' id='word_1_74' title='bbox 1427 1535 1665 1601; x_wconf 89' lang='lat' dir='ltr'>solacio</span> <span class='ocrx_word' id='word_1_75' title='bbox 1686 1554 1991 1614; x_wconf 85' lang='lat' dir='ltr'>carmsse,</span> <span class='ocrx_word' id='word_1_76' title='bbox 2001 1536 2245 1619; x_wconf 76' lang='lat' dir='ltr'>ingenti</span> <span class='ocrx_word' id='word_1_77' title='bbox 2261 1555 2560 1603; x_wconf 90' lang='lat' dir='ltr'>maerore</span> <span class='ocrx_word' id='word_1_78' title='bbox 2581 1537 2787 1603; x_wconf 88' lang='lat' dir='ltr'>luctu-</span> 
     </span>
     <span class='ocr_line' id='line_1_10' title="bbox 322 1635 2785 1720; baseline 0 -18"><span class='ocrx_word' id='word_1_79' title='bbox 322 1657 450 1720; x_wconf 89' lang='lat' dir='ltr'>que</span> <span class='ocrx_word' id='word_1_80' title='bbox 477 1635 834 1720; x_wconf 89' lang='lat' dir='ltr'>perculsus,</span> <span class='ocrx_word' id='word_1_81' title='bbox 862 1635 1016 1700; x_wconf 83' lang='lat' dir='ltr'>rivis</span> <span class='ocrx_word' id='word_1_82' title='bbox 1046 1635 1461 1701; x_wconf 89' lang='lat' dir='ltr'>lacrimarum</span> <span class='ocrx_word' id='word_1_83' title='bbox 1489 1635 1771 1701; x_wconf 89' lang='lat' dir='ltr'>ubertim</span> <span class='ocrx_word' id='word_1_84' title='bbox 1796 1635 2027 1700; x_wconf 89' lang='lat' dir='ltr'>faciem</span> <span class='ocrx_word' id='word_1_85' title='bbox 2069 1635 2367 1718; x_wconf 84' lang='lat' dir='ltr'>irrigasse</span> <span class='ocrx_word' id='word_1_86' title='bbox 2385 1636 2785 1719; x_wconf 85' lang='lat' dir='ltr'>perhibetur.</span> 
     </span>
     <span class='ocr_line' id='line_1_11' title="bbox 218 1734 2784 1819; baseline 0.001 -20"><span class='ocrx_word' id='word_1_87' title='bbox 218 1751 278 1801; x_wconf 67' lang='grc' dir='ltr'><strong>ιο</strong></span> <span class='ocrx_word' id='word_1_88' title='bbox 320 1736 565 1801; x_wconf 83' lang='lat' dir='ltr'>Beatus</span> <span class='ocrx_word' id='word_1_89' title='bbox 618 1755 775 1801; x_wconf 83' lang='lat' dir='ltr'>vero</span> <span class='ocrx_word' id='word_1_90' title='bbox 823 1734 1189 1818; x_wconf 83' lang='lat' dir='ltr'>Dionysius,</span> <span class='ocrx_word' id='word_1_91' title='bbox 1229 1743 1363 1799; x_wconf 85' lang='lat' dir='ltr'>non</span> <span class='ocrx_word' id='word_1_92' title='bbox 1412 1735 1755 1800; x_wconf 85' lang='lat' dir='ltr'>immemor</span> <span class='ocrx_word' id='word_1_93' title='bbox 1803 1734 2117 1818; x_wconf 85' lang='lat' dir='ltr'>pristinae</span> <span class='ocrx_word' id='word_1_94' title='bbox 2159 1734 2351 1813; x_wconf 84' lang='lat' dir='ltr'>sedis,</span> <span class='ocrx_word' id='word_1_95' title='bbox 2400 1735 2784 1819; x_wconf 79' lang='lat' dir='ltr'>civiumque,</span> 
     </span>
     <span class='ocr_line' id='line_1_12' title="bbox 318 1824 2785 1919; baseline -0 -18"><span class='ocrx_word' id='word_1_96' title='bbox 318 1840 593 1919; x_wconf 91' lang='lat' dir='ltr'>propter</span> <span class='ocrx_word' id='word_1_97' title='bbox 639 1854 804 1918; x_wconf 90' lang='lat' dir='ltr'>quos</span> <span class='ocrx_word' id='word_1_98' title='bbox 852 1838 1040 1900; x_wconf 89' lang='lat' dir='ltr'>tanta</span> <span class='ocrx_word' id='word_1_99' title='bbox 1087 1834 1462 1917; x_wconf 85' lang='lat' dir='ltr'>pertulerat,</span> <span class='ocrx_word' id='word_1_100' title='bbox 1488 1824 1889 1912; x_wconf 90' lang='lat' dir='ltr'>recordatus,</span> <span class='ocrx_word' id='word_1_101' title='bbox 1917 1833 2104 1917; x_wconf 89' lang='lat' dir='ltr'>petiit</span> <span class='ocrx_word' id='word_1_102' title='bbox 2147 1853 2190 1898; x_wconf 92' lang='lat' dir='ltr'>a</span> <span class='ocrx_word' id='word_1_103' title='bbox 2230 1833 2608 1900; x_wconf 84' lang='lat' dir='ltr'>beatissimo</span> <span class='ocrx_word' id='word_1_104' title='bbox 2644 1835 2785 1900; x_wconf 82' lang='lat' dir='ltr'>viro</span> 
     </span>
     <span class='ocr_line' id='line_1_13' title="bbox 323 1931 2786 2020; baseline -0.001 -19"><span class='ocrx_word' id='word_1_105' title='bbox 323 1934 589 2001; x_wconf 90' lang='lat' dir='ltr'>Aurelio</span> <span class='ocrx_word' id='word_1_106' title='bbox 612 1939 954 2018; x_wconf 88' lang='lat' dir='ltr'>quatenus,</span> <span class='ocrx_word' id='word_1_107' title='bbox 977 1934 1031 1998; x_wconf 92' lang='lat' dir='ltr'>si</span> <span class='ocrx_word' id='word_1_108' title='bbox 1054 1934 1192 1999; x_wconf 89' lang='lat' dir='ltr'>fieri</span> <span class='ocrx_word' id='word_1_109' title='bbox 1214 1933 1551 2017; x_wconf 85' lang='lat' dir='ltr'>potuisset,</span> <span class='ocrx_word' id='word_1_110' title='bbox 1574 1932 2025 2020; x_wconf 84' lang='lat' dir='ltr'>corpusculum</span> <span class='ocrx_word' id='word_1_111' title='bbox 2047 1931 2393 1998; x_wconf 87' lang='lat' dir='ltr'>Mediolani</span> <span class='ocrx_word' id='word_1_112' title='bbox 2411 1933 2786 2016; x_wconf 87' lang='lat' dir='ltr'>sepulturae</span> 
     </span>
     <span class='ocr_line' id='line_1_14' title="bbox 318 2030 2785 2116; baseline 0 -19"><span class='ocrx_word' id='word_1_113' title='bbox 318 2033 711 2098; x_wconf 89' lang='lat' dir='ltr'>traderetur.</span> <span class='ocrx_word' id='word_1_114' title='bbox 741 2032 986 2098; x_wconf 86' lang='lat' dir='ltr'>Beatus</span> <span class='ocrx_word' id='word_1_115' title='bbox 1006 2050 1163 2096; x_wconf 83' lang='lat' dir='ltr'>vero</span> <span class='ocrx_word' id='word_1_116' title='bbox 1184 2031 1484 2097; x_wconf 75' lang='lat' dir='ltr'>Aurelius</span> <span class='ocrx_word' id='word_1_117' title='bbox 1511 2030 1809 2114; x_wconf 89' lang='lat' dir='ltr'>petitioni</span> <span class='ocrx_word' id='word_1_118' title='bbox 1828 2031 1965 2097; x_wconf 89' lang='lat' dir='ltr'>eius</span> <span class='ocrx_word' id='word_1_119' title='bbox 1978 2031 2136 2096; x_wconf 90' lang='lat' dir='ltr'>nihil</span> <span class='ocrx_word' id='word_1_120' title='bbox 2155 2031 2499 2109; x_wconf 85' lang='lat' dir='ltr'>obiciebat,</span> <span class='ocrx_word' id='word_1_121' title='bbox 2512 2036 2785 2116; x_wconf 80' lang='lat' dir='ltr'>excepto</span> 
     </span>
     <span class='ocr_line' id='line_1_15' title="bbox 317 2130 2785 2222; baseline -0 -25"><span class='ocrx_word' id='word_1_122' title='bbox 317 2131 495 2216; x_wconf 85' lang='lat' dir='ltr'>quod</span> <span class='ocrx_word' id='word_1_123' title='bbox 532 2135 794 2216; x_wconf 89' lang='lat' dir='ltr'>tempus</span> <span class='ocrx_word' id='word_1_124' title='bbox 842 2131 1265 2214; x_wconf 83' lang='lat' dir='ltr'>exspectabat</span> <span class='ocrx_word' id='word_1_125' title='bbox 1294 2134 1756 2214; x_wconf 88' lang='lat' dir='ltr'>opportunum,</span> <span class='ocrx_word' id='word_1_126' title='bbox 1802 2131 2065 2214; x_wconf 91' lang='lat' dir='ltr'>quando</span> <span class='ocrx_word' id='word_1_127' title='bbox 2114 2132 2366 2215; x_wconf 86' lang='lat' dir='ltr'>absque</span> <span class='ocrx_word' id='word_1_128' title='bbox 2412 2130 2542 2196; x_wconf 92' lang='lat' dir='ltr'>ullo</span> <span class='ocrx_word' id='word_1_129' title='bbox 2585 2132 2785 2222; x_wconf 84' lang='lat' dir='ltr'>maris</span> 
     </span>
    </p>

    <p class='ocr_par' dir='ltr' id='par_1_3' title="bbox 218 2229 2591 2315">
     <span class='ocr_line' id='line_1_16' title="bbox 218 2229 2591 2315; baseline 0.002 -24"><span class='ocrx_word' id='word_1_130' title='bbox 218 2244 278 2293; x_wconf 71' lang='grc' dir='ltr'><strong>ιο</strong></span> <span class='ocrx_word' id='word_1_131' title='bbox 329 2230 617 2315; x_wconf 90' lang='lat' dir='ltr'>periculo</span> <span class='ocrx_word' id='word_1_132' title='bbox 639 2235 776 2295; x_wconf 90' lang='lat' dir='ltr'>tam</span> <span class='ocrx_word' id='word_1_133' title='bbox 797 2230 1158 2314; x_wconf 90' lang='lat' dir='ltr'>pretiosum</span> <span class='ocrx_word' id='word_1_134' title='bbox 1185 2229 1566 2295; x_wconf 88' lang='lat' dir='ltr'>thesaurum</span> <span class='ocrx_word' id='word_1_135' title='bbox 1593 2230 1930 2312; x_wconf 78' lang='lat' dir='ltr'>partibus³</span> <span class='ocrx_word' id='word_1_136' title='bbox 1957 2230 2179 2295; x_wconf 90' lang='lat' dir='ltr'>Italiae</span> <span class='ocrx_word' id='word_1_137' title='bbox 2207 2233 2591 2313; x_wconf 83' lang='lat' dir='ltr'>reportaret.</span> 
     </span>
    </p>

    <p class='ocr_par' dir='ltr' id='par_1_4' title="bbox 318 2328 2787 2712">
     <span class='ocr_line' id='line_1_17' title="bbox 406 2328 2784 2413; baseline -0 -18"><span class='ocrx_word' id='word_1_138' title='bbox 406 2336 475 2395; x_wconf 81' lang='lat'>8.</span> <span class='ocrx_word' id='word_1_139' title='bbox 534 2329 797 2394; x_wconf 85' lang='lat' dir='ltr'>Interim</span> <span class='ocrx_word' id='word_1_140' title='bbox 846 2348 1000 2394; x_wconf 84' lang='lat' dir='ltr'>vero</span> <span class='ocrx_word' id='word_1_141' title='bbox 1056 2328 1215 2393; x_wconf 87' lang='lat' dir='ltr'>dum</span> <span class='ocrx_word' id='word_1_142' title='bbox 1254 2348 1643 2411; x_wconf 84' lang='lat' dir='ltr'>prosperum</span> <span class='ocrx_word' id='word_1_143' title='bbox 1686 2332 1993 2393; x_wconf 85' lang='lat' dir='ltr'>eventum</span> <span class='ocrx_word' id='word_1_144' title='bbox 2040 2328 2286 2394; x_wconf 88' lang='lat' dir='ltr'>itineris</span> <span class='ocrx_word' id='word_1_145' title='bbox 2327 2328 2784 2413; x_wconf 87' lang='lat' dir='ltr'>praestolatur,</span> 
     </span>
     <span class='ocr_line' id='line_1_18' title="bbox 329 2427 2786 2512; baseline 0 -18"><span class='ocrx_word' id='word_1_146' title='bbox 329 2429 519 2495; x_wconf 88' lang='lat' dir='ltr'>annis</span> <span class='ocrx_word' id='word_1_147' title='bbox 543 2427 891 2512; x_wconf 86' lang='lat' dir='ltr'>aliquantis</span> <span class='ocrx_word' id='word_1_148' title='bbox 939 2428 1533 2506; x_wconf 89' lang='lat' dir='ltr'>intercurrentibus,</span> <span class='ocrx_word' id='word_1_149' title='bbox 1582 2431 1722 2493; x_wconf 91' lang='lat' dir='ltr'>tam</span> <span class='ocrx_word' id='word_1_150' title='bbox 1771 2447 2013 2510; x_wconf 89' lang='lat' dir='ltr'>magna</span> <span class='ocrx_word' id='word_1_151' title='bbox 2061 2432 2329 2510; x_wconf 87' lang='lat' dir='ltr'>tamque</span> <span class='ocrx_word' id='word_1_152' title='bbox 2357 2428 2631 2494; x_wconf 88' lang='lat' dir='ltr'>mirifica</span> <span class='ocrx_word' id='word_1_153' title='bbox 2666 2448 2786 2512; x_wconf 92' lang='lat' dir='ltr'>per</span> 
     </span>
     <span class='ocr_line' id='line_1_19' title="bbox 321 2526 2787 2609; baseline 0.001 -17"><span class='ocrx_word' id='word_1_154' title='bbox 321 2548 591 2593; x_wconf 86' lang='lat' dir='ltr'>servum</span> <span class='ocrx_word' id='word_1_155' title='bbox 614 2547 804 2592; x_wconf 89' lang='lat' dir='ltr'>suum</span> <span class='ocrx_word' id='word_1_156' title='bbox 833 2527 1168 2593; x_wconf 89' lang='lat' dir='ltr'>Aurelium</span> <span class='ocrx_word' id='word_1_157' title='bbox 1181 2526 1474 2593; x_wconf 90' lang='lat' dir='ltr'>Christus</span> <span class='ocrx_word' id='word_1_158' title='bbox 1502 2526 1847 2592; x_wconf 87' lang='lat' dir='ltr'>ostendere</span> <span class='ocrx_word' id='word_1_159' title='bbox 1870 2526 2170 2609; x_wconf 84' lang='lat' dir='ltr'>dignatus</span> <span class='ocrx_word' id='word_1_160' title='bbox 2193 2530 2311 2607; x_wconf 90' lang='lat' dir='ltr'>est,</span> <span class='ocrx_word' id='word_1_161' title='bbox 2333 2531 2406 2592; x_wconf 89' lang='lat' dir='ltr'>ut</span> <span class='ocrx_word' id='word_1_162' title='bbox 2430 2528 2534 2593; x_wconf 92' lang='lat' dir='ltr'>die</span> <span class='ocrx_word' id='word_1_163' title='bbox 2561 2531 2787 2594; x_wconf 88' lang='lat' dir='ltr'>noctu·</span> 
     </span>
     <span class='ocr_line' id='line_1_20' title="bbox 318 2626 2785 2712; baseline 0 -19"><span class='ocrx_word' id='word_1_164' title='bbox 318 2647 449 2712; x_wconf 92' lang='lat' dir='ltr'>que</span> <span class='ocrx_word' id='word_1_165' title='bbox 468 2627 861 2711; x_wconf 90' lang='lat' dir='ltr'>populorum</span> <span class='ocrx_word' id='word_1_166' title='bbox 902 2626 1422 2692; x_wconf 87' lang='lat' dir='ltr'>concurrentium</span> <span class='ocrx_word' id='word_1_167' title='bbox 1448 2646 1731 2710; x_wconf 90' lang='lat' dir='ltr'>suosque</span> <span class='ocrx_word' id='word_1_168' title='bbox 1751 2628 1773 2665; x_wconf 89' lang='lat'>¹</span> <span class='ocrx_word' id='word_1_169' title='bbox 1795 2645 2025 2709; x_wconf 88' lang='lat' dir='ltr'>aegros</span> <span class='ocrx_word' id='word_1_170' title='bbox 2046 2626 2148 2691; x_wconf 81' lang='lat' dir='ltr'>vel</span> <span class='ocrx_word' id='word_1_171' title='bbox 2179 2626 2541 2693; x_wconf 86' lang='lat' dir='ltr'>daemoniis</span> <span class='ocrx_word' id='word_1_172' title='bbox 2559 2627 2785 2694; x_wconf 85' lang='lat' dir='ltr'>obses-</span> 
     </span>
    </p>

    <p class='ocr_par' dir='ltr' id='par_1_5' title="bbox 214 2724 2787 3207">
     <span class='ocr_line' id='line_1_21' title="bbox 214 2724 2787 2809; baseline 0 -17"><span class='ocrx_word' id='word_1_173' title='bbox 214 2736 284 2792; x_wconf 69' lang='lat'>20&#39;</span> <span class='ocrx_word' id='word_1_174' title='bbox 315 2747 426 2792; x_wconf 91' lang='lat' dir='ltr'>sos</span> <span class='ocrx_word' id='word_1_175' title='bbox 449 2725 876 2793; x_wconf 86' lang='lat' dir='ltr'>deferentium</span> <span class='ocrx_word' id='word_1_176' title='bbox 903 2725 1097 2792; x_wconf 90' lang='lat' dir='ltr'>turba</span> <span class='ocrx_word' id='word_1_177' title='bbox 1118 2725 1441 2792; x_wconf 83' lang='lat' dir='ltr'>confluere</span> <span class='ocrx_word' id='word_1_178' title='bbox 1462 2727 1637 2792; x_wconf 91' lang='lat' dir='ltr'>nullo</span> <span class='ocrx_word' id='word_1_179' title='bbox 1658 2725 1855 2791; x_wconf 90' lang='lat' dir='ltr'>modo</span> <span class='ocrx_word' id='word_1_180' title='bbox 1885 2729 2191 2791; x_wconf 85' lang='lat' dir='ltr'>cessaret.</span> <span class='ocrx_word' id='word_1_181' title='bbox 2213 2724 2384 2791; x_wconf 89' lang='lat' dir='ltr'>Nam</span> <span class='ocrx_word' id='word_1_182' title='bbox 2407 2727 2561 2809; x_wconf 84' lang='lat' dir='ltr'>quja</span> <span class='ocrx_word' id='word_1_183' title='bbox 2579 2727 2787 2793; x_wconf 85' lang='lat' dir='ltr'>medi·</span> 
     </span>
     <span class='ocr_line' id='line_1_22' title="bbox 319 2814 2785 2909; baseline 0 -18"><span class='ocrx_word' id='word_1_184' title='bbox 319 2826 539 2891; x_wconf 89' lang='lat' dir='ltr'>cinam</span> <span class='ocrx_word' id='word_1_185' title='bbox 588 2826 885 2892; x_wconf 89' lang='lat' dir='ltr'>caelestis</span> <span class='ocrx_word' id='word_1_186' title='bbox 928 2825 1148 2891; x_wconf 88' lang='lat' dir='ltr'>solacii</span> <span class='ocrx_word' id='word_1_187' title='bbox 1202 2831 1341 2890; x_wconf 90' lang='lat' dir='ltr'>tam</span> <span class='ocrx_word' id='word_1_188' title='bbox 1388 2826 1457 2890; x_wconf 91' lang='lat' dir='ltr'>in</span> <span class='ocrx_word' id='word_1_189' title='bbox 1485 2845 1829 2909; x_wconf 91' lang='lat' dir='ltr'>corporum</span> <span class='ocrx_word' id='word_1_190' title='bbox 1850 2825 2204 2890; x_wconf 79' lang='lat' dir='ltr'>valitudine</span> <span class='ocrx_word' id='word_1_191' title='bbox 2239 2814 2441 2908; x_wconf 76' lang='lat' dir='ltr'>quam</span> <span class='ocrx_word' id='word_1_192' title='bbox 2490 2826 2690 2891; x_wconf 88' lang='lat' dir='ltr'>etiam</span> <span class='ocrx_word' id='word_1_193' title='bbox 2715 2827 2785 2892; x_wconf 91' lang='lat' dir='ltr'>in</span> 
     </span>
     <span class='ocr_line' id='line_1_23' title="bbox 322 2924 2786 3009; baseline 0 -19"><span class='ocrx_word' id='word_1_194' title='bbox 322 2927 820 3009; x_wconf 86' lang='lat' dir='ltr'>recuperatione</span> <span class='ocrx_word' id='word_1_195' title='bbox 840 2926 1157 2991; x_wconf 87' lang='lat' dir='ltr'>mentium</span> <span class='ocrx_word' id='word_1_196' title='bbox 1181 2925 1249 2989; x_wconf 91' lang='lat' dir='ltr'>in</span> <span class='ocrx_word' id='word_1_197' title='bbox 1270 2925 1409 2990; x_wconf 82' lang='lat' dir='ltr'>viro</span> <span class='ocrx_word' id='word_1_198' title='bbox 1430 2924 1838 2990; x_wconf 87' lang='lat' dir='ltr'>sanctissimo</span> <span class='ocrx_word' id='word_1_199' title='bbox 1865 2943 2093 2989; x_wconf 89' lang='lat' dir='ltr'>omnes</span> <span class='ocrx_word' id='word_1_200' title='bbox 2117 2924 2404 3007; x_wconf 83' lang='lat' dir='ltr'>undique</span> <span class='ocrx_word' id='word_1_201' title='bbox 2425 2925 2786 2991; x_wconf 85' lang='lat' dir='ltr'>adventan-</span> 
     </span>
     <span class='ocr_line' id='line_1_24' title="bbox 316 3024 2780 3108; baseline 0 -17"><span class='ocrx_word' id='word_1_202' title='bbox 316 3028 423 3091; x_wconf 82' lang='lat' dir='ltr'>tes&#39;</span> <span class='ocrx_word' id='word_1_203' title='bbox 474 3029 896 3108; x_wconf 83' lang='lat' dir='ltr'>agnoverant,</span> <span class='ocrx_word' id='word_1_204' title='bbox 926 3025 1113 3108; x_wconf 91' lang='lat' dir='ltr'>quasi</span> <span class='ocrx_word' id='word_1_205' title='bbox 1141 3024 1226 3090; x_wconf 90' lang='lat' dir='ltr'>ad</span> <span class='ocrx_word' id='word_1_206' title='bbox 1255 3024 1470 3089; x_wconf 89' lang='lat' dir='ltr'>sinum</span> <span class='ocrx_word' id='word_1_207' title='bbox 1496 3024 1726 3089; x_wconf 90' lang='lat' dir='ltr'>matris</span> <span class='ocrx_word' id='word_1_208' title='bbox 1752 3024 2027 3106; x_wconf 87' lang='lat' dir='ltr'>parvuli,</span> <span class='ocrx_word' id='word_1_209' title='bbox 2054 3024 2147 3089; x_wconf 89' lang='lat' dir='ltr'>ita</span> <span class='ocrx_word' id='word_1_210' title='bbox 2194 3025 2281 3090; x_wconf 90' lang='lat' dir='ltr'>ad</span> <span class='ocrx_word' id='word_1_211' title='bbox 2308 3024 2489 3089; x_wconf 89' lang='lat' dir='ltr'>illum</span> <span class='ocrx_word' id='word_1_212' title='bbox 2516 3025 2780 3092; x_wconf 90' lang='lat' dir='ltr'>cottidie</span> 
     </span>
     <span class='ocr_line' id='line_1_25' title="bbox 313 3122 2777 3207; baseline 0.001 -18"><span class='ocrx_word' id='word_1_213' title='bbox 313 3143 709 3190; x_wconf 88' lang='lat' dir='ltr'>concurrere</span> <span class='ocrx_word' id='word_1_214' title='bbox 736 3123 959 3207; x_wconf 91' lang='lat' dir='ltr'>populi</span> <span class='ocrx_word' id='word_1_215' title='bbox 1000 3128 1266 3189; x_wconf 81' lang='lat' dir='ltr'>caterva</span> <span class='ocrx_word' id='word_1_216' title='bbox 1294 3122 1664 3188; x_wconf 82' lang='lat' dir='ltr'>festinabat.</span> <span class='ocrx_word' id='word_1_217' title='bbox 1693 3122 1827 3192; x_wconf 88' lang='lat' dir='ltr'>Sed</span> <span class='ocrx_word' id='word_1_218' title='bbox 1850 3123 1950 3188; x_wconf 83' lang='lat' dir='ltr'>vir</span> <span class='ocrx_word' id='word_1_219' title='bbox 1998 3122 2137 3188; x_wconf 92' lang='lat' dir='ltr'>Deo</span> <span class='ocrx_word' id='word_1_220' title='bbox 2183 3124 2435 3206; x_wconf 89' lang='lat' dir='ltr'>plenus,</span> <span class='ocrx_word' id='word_1_221' title='bbox 2479 3126 2777 3207; x_wconf 83' lang='lat' dir='ltr'>quamvis</span> 
     </span>
    </p>

    <p class='ocr_par' dir='ltr' id='par_1_6' title="bbox 208 3221 2778 3705">
     <span class='ocr_line' id='line_1_26' title="bbox 208 3221 2777 3313; baseline 0 -23"><span class='ocrx_word' id='word_1_222' title='bbox 208 3239 276 3291; x_wconf 79' lang='lat'>25</span> <span class='ocrx_word' id='word_1_223' title='bbox 310 3227 453 3288; x_wconf 89' lang='lat' dir='ltr'>tam</span> <span class='ocrx_word' id='word_1_224' title='bbox 476 3224 719 3289; x_wconf 88' lang='lat' dir='ltr'>sanctis</span> <span class='ocrx_word' id='word_1_225' title='bbox 742 3223 1271 3305; x_wconf 88' lang='lat' dir='ltr'>occupationibus</span> <span class='ocrx_word' id='word_1_226' title='bbox 1293 3222 1732 3287; x_wconf 86' lang='lat' dir='ltr'>indesinenter</span> <span class='ocrx_word' id='word_1_227' title='bbox 1751 3221 2112 3313; x_wconf 21' lang='lat' dir='ltr'>obstrictus.</span> <span class='ocrx_word' id='word_1_228' title='bbox 2129 3222 2470 3288; x_wconf 84' lang='lat' dir='ltr'>exsisteret</span> <span class='ocrx_word' id='word_1_229' title='bbox 2480 3223 2524 3299; x_wconf 77' lang='lat'>²,</span> <span class='ocrx_word' id='word_1_230' title='bbox 2552 3226 2777 3290; x_wconf 87' lang='lat' dir='ltr'>tamen</span> 
     </span>
     <span class='ocr_line' id='line_1_27' title="bbox 308 3320 2775 3406; baseline 0 -19"><span class='ocrx_word' id='word_1_231' title='bbox 308 3323 699 3406; x_wconf 87' lang='lat' dir='ltr'>petitionem</span> <span class='ocrx_word' id='word_1_232' title='bbox 742 3321 1132 3387; x_wconf 86' lang='lat' dir='ltr'>sanctissimi</span> <span class='ocrx_word' id='word_1_233' title='bbox 1153 3321 1631 3387; x_wconf 88' lang='lat' dir='ltr'>consacerdotis</span> <span class='ocrx_word' id='word_1_234' title='bbox 1659 3320 1760 3385; x_wconf 90' lang='lat' dir='ltr'>sui</span> <span class='ocrx_word' id='word_1_235' title='bbox 1788 3320 2093 3385; x_wconf 86' lang='lat' dir='ltr'>oblivioni</span> <span class='ocrx_word' id='word_1_236' title='bbox 2134 3321 2311 3386; x_wconf 93' lang='lat' dir='ltr'>nullo</span> <span class='ocrx_word' id='word_1_237' title='bbox 2336 3321 2533 3386; x_wconf 89' lang='lat' dir='ltr'>modo</span> <span class='ocrx_word' id='word_1_238' title='bbox 2553 3322 2775 3389; x_wconf 89' lang='lat' dir='ltr'>trade·</span> 
     </span>
     <span class='ocr_line' id='line_1_28' title="bbox 312 3418 2777 3504; baseline 0 -17"><span class='ocrx_word' id='word_1_239' title='bbox 312 3423 456 3487; x_wconf 90' lang='lat' dir='ltr'>bat.</span> <span class='ocrx_word' id='word_1_240' title='bbox 490 3423 662 3489; x_wconf 88' lang='lat' dir='ltr'>Nam</span> <span class='ocrx_word' id='word_1_241' title='bbox 705 3421 994 3499; x_wconf 85' lang='lat' dir='ltr'>tandem,</span> <span class='ocrx_word' id='word_1_242' title='bbox 1035 3439 1318 3503; x_wconf 90' lang='lat' dir='ltr'>superna</span> <span class='ocrx_word' id='word_1_243' title='bbox 1346 3419 1766 3503; x_wconf 87' lang='lat' dir='ltr'>dispositione</span> <span class='ocrx_word' id='word_1_244' title='bbox 1813 3418 2217 3498; x_wconf 89' lang='lat' dir='ltr'>moderante,</span> <span class='ocrx_word' id='word_1_245' title='bbox 2260 3425 2488 3504; x_wconf 90' lang='lat' dir='ltr'>aptum</span> <span class='ocrx_word' id='word_1_246' title='bbox 2513 3424 2777 3504; x_wconf 90' lang='lat' dir='ltr'>tempus</span> 
     </span>
     <span class='ocr_line' id='line_1_29' title="bbox 308 3518 2775 3604; baseline 0.001 -19"><span class='ocrx_word' id='word_1_247' title='bbox 308 3522 558 3587; x_wconf 91' lang='lat' dir='ltr'>itineris</span> <span class='ocrx_word' id='word_1_248' title='bbox 584 3521 951 3604; x_wconf 78' lang='lat' dir='ltr'>explorans,</span> <span class='ocrx_word' id='word_1_249' title='bbox 981 3520 1138 3584; x_wconf 90' lang='lat' dir='ltr'>data</span> <span class='ocrx_word' id='word_1_250' title='bbox 1165 3519 1382 3584; x_wconf 87' lang='lat' dir='ltr'>nautis</span> <span class='ocrx_word' id='word_1_251' title='bbox 1402 3519 1723 3596; x_wconf 88' lang='lat' dir='ltr'>mercede,</span> <span class='ocrx_word' id='word_1_252' title='bbox 1755 3537 1952 3601; x_wconf 89' lang='lat' dir='ltr'>quam</span> <span class='ocrx_word' id='word_1_253' title='bbox 1976 3518 2062 3583; x_wconf 90' lang='lat' dir='ltr'>illi</span> <span class='ocrx_word' id='word_1_254' title='bbox 2081 3519 2350 3585; x_wconf 88' lang='lat' dir='ltr'>naulum</span> <span class='ocrx_word' id='word_1_255' title='bbox 2376 3525 2775 3603; x_wconf 88' lang='lat' dir='ltr'>nuncupant,</span> 
     </span>
     <span class='ocr_line' id='line_1_30' title="bbox 303 3616 2778 3705; baseline -0.001 -19"><span class='ocrx_word' id='word_1_256' title='bbox 303 3640 630 3705; x_wconf 83' lang='lat' dir='ltr'>sacrer</span> <span class='ocrx_word' id='word_1_257' title='bbox 654 3618 1032 3703; x_wconf 88' lang='lat' dir='ltr'>corpusculo</span> <span class='ocrx_word' id='word_1_258' title='bbox 1053 3618 1264 3683; x_wconf 91' lang='lat' dir='ltr'>linteis</span> <span class='ocrx_word' id='word_1_259' title='bbox 1285 3617 1573 3682; x_wconf 85' lang='lat' dir='ltr'>involuto</span> <span class='ocrx_word' id='word_1_260' title='bbox 1593 3616 1876 3700; x_wconf 83' lang='lat' dir='ltr'>navique</span> <span class='ocrx_word' id='word_1_261' title='bbox 1898 3617 2778 3702; x_wconf 78' lang='lat' dir='ltr'>imposito,cursu³prosper-</span> 
     </span>
    </p>

    <p class='ocr_par' dir='ltr' id='par_1_7' title="bbox 195 3716 2775 3899">
     <span class='ocr_line' id='line_1_31' title="bbox 195 3716 2774 3801; baseline -0.001 -15"><span class='ocrx_word' id='word_1_262' title='bbox 195 3733 263 3786; x_wconf 77' lang='lat'>30</span> <span class='ocrx_word' id='word_1_263' title='bbox 304 3723 501 3798; x_wconf 79' lang='lat' dir='ltr'>rimO,</span> <span class='ocrx_word' id='word_1_264' title='bbox 553 3720 811 3786; x_wconf 87' lang='lat' dir='ltr'>Christo</span> <span class='ocrx_word' id='word_1_265' title='bbox 853 3718 1038 3797; x_wconf 89' lang='lat' dir='ltr'>duce,</span> <span class='ocrx_word' id='word_1_266' title='bbox 1068 3734 1352 3800; x_wconf 84' lang='lat' dir='ltr'>aequore</span> <span class='ocrx_word' id='word_1_267' title='bbox 1392 3721 1762 3799; x_wconf 81' lang='lat' dir='ltr'>peragratO,</span> <span class='ocrx_word' id='word_1_268' title='bbox 1800 3716 1952 3782; x_wconf 88' lang='lat' dir='ltr'>litus</span> <span class='ocrx_word' id='word_1_269' title='bbox 1982 3717 2195 3799; x_wconf 88' lang='lat' dir='ltr'>attigit</span> <span class='ocrx_word' id='word_1_270' title='bbox 2219 3716 2525 3796; x_wconf 87' lang='lat' dir='ltr'>italicum,</span> <span class='ocrx_word' id='word_1_271' title='bbox 2574 3722 2774 3801; x_wconf 90' lang='lat' dir='ltr'>atque</span> 
     </span>
     <span class='ocr_line' id='line_1_32' title="bbox 302 3815 2775 3899; baseline -0.002 -14"><span class='ocrx_word' id='word_1_272' title='bbox 302 3820 548 3885; x_wconf 83' lang='lat' dir='ltr'>exinde</span> <span class='ocrx_word' id='word_1_273' title='bbox 570 3819 730 3884; x_wconf 88' lang='lat' dir='ltr'>calle</span> <span class='ocrx_word' id='word_1_274' title='bbox 761 3817 1119 3884; x_wconf 89' lang='lat' dir='ltr'>rectissimo</span> <span class='ocrx_word' id='word_1_275' title='bbox 1140 3816 1437 3899; x_wconf 85' lang='lat' dir='ltr'>pervenit</span> <span class='ocrx_word' id='word_1_276' title='bbox 1464 3815 1919 3881; x_wconf 89' lang='lat' dir='ltr'>Mediolanum.</span> <span class='ocrx_word' id='word_1_277' title='bbox 1951 3815 2094 3894; x_wconf 89' lang='lat' dir='ltr'>Quo</span> <span class='ocrx_word' id='word_1_278' title='bbox 2124 3816 2365 3894; x_wconf 90' lang='lat' dir='ltr'>audit0,</span> <span class='ocrx_word' id='word_1_279' title='bbox 2395 3816 2566 3881; x_wconf 84' lang='lat' dir='ltr'>cives</span> <span class='ocrx_word' id='word_1_280' title='bbox 2594 3816 2775 3881; x_wconf 90' lang='lat' dir='ltr'>urbis</span> 
     </span>
    </p>

    <p class='ocr_par' dir='ltr' id='par_1_8' title="bbox 296 3914 2776 4000">
     <span class='ocr_line' id='line_1_33' title="bbox 296 3914 2776 4000; baseline -0.002 -16"><span class='ocrx_word' id='word_1_281' title='bbox 296 3918 478 3984; x_wconf 75' lang='lat' dir='ltr'>illius</span> <span class='ocrx_word' id='word_1_282' title='bbox 526 3939 673 3984; x_wconf 87' lang='lat' dir='ltr'>cum</span> <span class='ocrx_word' id='word_1_283' title='bbox 717 3918 960 4000; x_wconf 84' lang='lat' dir='ltr'>ingenti</span> <span class='ocrx_word' id='word_1_284' title='bbox 1009 3915 1245 3998; x_wconf 86' lang='lat' dir='ltr'>gaudio</span> <span class='ocrx_word' id='word_1_285' title='bbox 1292 3934 1629 3980; x_wconf 88' lang='lat' dir='ltr'>occurrere</span> <span class='ocrx_word' id='word_1_286' title='bbox 1679 3914 2087 3993; x_wconf 84' lang='lat' dir='ltr'>festinarunt,</span> <span class='ocrx_word' id='word_1_287' title='bbox 2122 3914 2389 3980; x_wconf 90' lang='lat' dir='ltr'>laudum</span> <span class='ocrx_word' id='word_1_288' title='bbox 2424 3915 2776 3998; x_wconf 89' lang='lat' dir='ltr'>praeconia</span> 
     </span>
    </p>

    <p class='ocr_par' dir='ltr' id='par_1_9' title="bbox 303 4010 2776 4097">
     <span class='ocr_line' id='line_1_34' title="bbox 303 4010 2776 4097; baseline -0.002 -15"><span class='ocrx_word' id='word_1_289' title='bbox 303 4016 693 4093; x_wconf 78' lang='lat' dir='ltr'>referenteS,</span> <span class='ocrx_word' id='word_1_290' title='bbox 756 4013 932 4097; x_wconf 89' lang='lat' dir='ltr'>quod</span> <span class='ocrx_word' id='word_1_291' title='bbox 979 4012 1243 4096; x_wconf 90' lang='lat' dir='ltr'>proprio</span> <span class='ocrx_word' id='word_1_292' title='bbox 1285 4030 1417 4076; x_wconf 89' lang='lat' dir='ltr'>non</span> <span class='ocrx_word' id='word_1_293' title='bbox 1456 4011 1729 4076; x_wconf 83' lang='lat' dir='ltr'>fuissent</span> <span class='ocrx_word' id='word_1_294' title='bbox 1775 4010 2013 4093; x_wconf 84' lang='lat' dir='ltr'>privati</span> <span class='ocrx_word' id='word_1_295' title='bbox 2055 4015 2352 4094; x_wconf 92' lang='lat' dir='ltr'>patrono,</span> <span class='ocrx_word' id='word_1_296' title='bbox 2380 4015 2776 4095; x_wconf 87' lang='lat' dir='ltr'>sumptoque</span> 
     </span>
    </p>

    <p class='ocr_par' dir='ltr' id='par_1_10' title="bbox 186 4099 2775 4299">
     <span class='ocr_line' id='line_1_35' title="bbox 300 4099 2775 4193; baseline -0.002 -13"><span class='ocrx_word' id='word_1_297' title='bbox 300 4115 676 4181; x_wconf 85' lang='lat' dir='ltr'>beatissimi</span> <span class='ocrx_word' id='word_1_298' title='bbox 704 4099 1059 4178; x_wconf 89' lang='lat' dir='ltr'>sacerdotis</span> <span class='ocrx_word' id='word_1_299' title='bbox 1102 4110 1788 4193; x_wconf 82' lang='lat' dir='ltr'>corpusculo„summa</span> <span class='ocrx_word' id='word_1_300' title='bbox 1828 4129 1978 4174; x_wconf 92' lang='lat' dir='ltr'>cum</span> <span class='ocrx_word' id='word_1_301' title='bbox 2019 4110 2384 4175; x_wconf 84' lang='lat' dir='ltr'>reverentia</span> <span class='ocrx_word' id='word_1_302' title='bbox 2424 4111 2775 4193; x_wconf 86' lang='lat' dir='ltr'>sarcopha-</span> 
     </span>
     <span class='ocr_line' id='line_1_36' title="bbox 186 4213 910 4299; baseline -0.009 -18"><span class='ocrx_word' id='word_1_303' title='bbox 186 4234 256 4287; x_wconf 70' lang='lat'>3⁸</span> <span class='ocrx_word' id='word_1_304' title='bbox 297 4233 475 4299; x_wconf 82' lang='lat' dir='ltr'>gum</span> <span class='ocrx_word' id='word_1_305' title='bbox 502 4213 910 4277; x_wconf 87' lang='lat' dir='ltr'>collocarunt.</span> 
     </span>
    </p>

    <p class='ocr_par' dir='ltr' id='par_1_11' title="bbox 290 4306 2774 4687">
     <span class='ocr_line' id='line_1_37' title="bbox 393 4306 2774 4392; baseline -0.002 -16"><span class='ocrx_word' id='word_1_306' title='bbox 393 4318 468 4376; x_wconf 83' lang='grc'>9.</span> <span class='ocrx_word' id='word_1_307' title='bbox 510 4311 650 4390; x_wconf 89' lang='lat' dir='ltr'>Quo</span> <span class='ocrx_word' id='word_1_308' title='bbox 695 4315 989 4392; x_wconf 90' lang='lat' dir='ltr'>tempore</span> <span class='ocrx_word' id='word_1_309' title='bbox 1017 4308 1251 4373; x_wconf 88' lang='lat' dir='ltr'>beatus</span> <span class='ocrx_word' id='word_1_310' title='bbox 1279 4307 1685 4385; x_wconf 77' lang='lat' dir='ltr'>AmbrosiuS,</span> <span class='ocrx_word' id='word_1_311' title='bbox 1714 4306 2023 4372; x_wconf 88' lang='lat' dir='ltr'>defuncto</span> <span class='ocrx_word' id='word_1_312' title='bbox 2053 4306 2380 4372; x_wconf 85' lang='lat' dir='ltr'>Auxentio</span> <span class='ocrx_word' id='word_1_313' title='bbox 2416 4306 2774 4372; x_wconf 88' lang='lat' dir='ltr'>haeretico-</span> 
     </span>
     <span class='ocr_line' id='line_1_38' title="bbox 293 4404 2774 4509; baseline -0.003 -31"><span class='ocrx_word' id='word_1_314' title='bbox 293 4431 469 4509; x_wconf 58' lang='grc' dir='ltr'>τωρ</span> <span class='ocrx_word' id='word_1_315' title='bbox 505 4412 825 4493; x_wconf 89' lang='lat' dir='ltr'>episcopo,</span> <span class='ocrx_word' id='word_1_316' title='bbox 854 4407 1311 4490; x_wconf 84' lang='lat' dir='ltr'>pontificatus¹</span> <span class='ocrx_word' id='word_1_317' title='bbox 1339 4406 1551 4471; x_wconf 84' lang='lat' dir='ltr'>officio</span> <span class='ocrx_word' id='word_1_318' title='bbox 1580 4405 1837 4471; x_wconf 90' lang='lat' dir='ltr'>functus</span> <span class='ocrx_word' id='word_1_319' title='bbox 1867 4404 2143 4471; x_wconf 90' lang='lat' dir='ltr'>eandem</span> <span class='ocrx_word' id='word_1_320' title='bbox 2170 4409 2432 4471; x_wconf 90' lang='lat' dir='ltr'>strenue</span> <span class='ocrx_word' id='word_1_321' title='bbox 2452 4406 2774 4487; x_wconf 90' lang='lat' dir='ltr'>guberna-</span> 
     </span>
     <span class='ocr_line' id='line_1_39' title="bbox 295 4504 2771 4588; baseline -0.002 -14"><span class='ocrx_word' id='word_1_322' title='bbox 295 4512 437 4575; x_wconf 87' lang='lat' dir='ltr'>bat</span> <span class='ocrx_word' id='word_1_323' title='bbox 483 4509 832 4573; x_wconf 89' lang='lat' dir='ltr'>ecclesiam.</span> <span class='ocrx_word' id='word_1_324' title='bbox 864 4506 1159 4588; x_wconf 91' lang='lat' dir='ltr'>Cumque</span> <span class='ocrx_word' id='word_1_325' title='bbox 1197 4504 1614 4570; x_wconf 88' lang='lat' dir='ltr'>beatissimus</span> <span class='ocrx_word' id='word_1_326' title='bbox 1655 4504 1961 4570; x_wconf 90' lang='lat' dir='ltr'>sacerdos</span> <span class='ocrx_word' id='word_1_327' title='bbox 2002 4504 2241 4569; x_wconf 82' lang='lat' dir='ltr'>Christi</span> <span class='ocrx_word' id='word_1_328' title='bbox 2279 4504 2581 4570; x_wconf 89' lang='lat' dir='ltr'>Aurelius</span> <span class='ocrx_word' id='word_1_329' title='bbox 2619 4509 2771 4588; x_wconf 87' lang='lat' dir='ltr'>post</span> 
     </span>
     <span class='ocr_line' id='line_1_40' title="bbox 290 4603 2770 4687; baseline -0.003 -11"><span class='ocrx_word' id='word_1_330' title='bbox 290 4607 947 4676; x_wconf 87' lang='lat' dir='ltr'>commendationem</span> <span class='ocrx_word' id='word_1_331' title='bbox 989 4605 1168 4671; x_wconf 90' lang='lat' dir='ltr'>beati</span> <span class='ocrx_word' id='word_1_332' title='bbox 1187 4604 1475 4687; x_wconf 83' lang='lat' dir='ltr'>Dionysii</span> <span class='ocrx_word' id='word_1_333' title='bbox 1503 4604 1591 4671; x_wconf 90' lang='lat' dir='ltr'>ad</span> <span class='ocrx_word' id='word_1_334' title='bbox 1616 4604 1901 4686; x_wconf 90' lang='lat' dir='ltr'>patriam</span> <span class='ocrx_word' id='word_1_335' title='bbox 1940 4605 2181 4669; x_wconf 84' lang='lat' dir='ltr'>reverti</span> <span class='ocrx_word' id='word_1_336' title='bbox 2217 4603 2544 4683; x_wconf 86' lang='lat' dir='ltr'>voluisset,</span> <span class='ocrx_word' id='word_1_337' title='bbox 2572 4623 2770 4687; x_wconf 91' lang='lat' dir='ltr'>supra</span> 
     </span>
    </p>

    <p class='ocr_par' dir='ltr' id='par_1_12' title="bbox 176 4702 2773 4789">
     <span class='ocr_line' id='line_1_41' title="bbox 176 4702 2773 4789; baseline -0.002 -15"><span class='ocrx_word' id='word_1_338' title='bbox 176 4726 244 4782; x_wconf 72' lang='grc' dir='ltr'>ιο</span> <span class='ocrx_word' id='word_1_339' title='bbox 289 4710 719 4774; x_wconf 84' lang='lat' dir='ltr'>memoratus</span> <span class='ocrx_word' id='word_1_340' title='bbox 766 4704 1060 4789; x_wconf 84' lang='lat' dir='ltr'>pontifex</span> <span class='ocrx_word' id='word_1_341' title='bbox 1113 4705 1348 4770; x_wconf 88' lang='lat' dir='ltr'>beatus</span> <span class='ocrx_word' id='word_1_342' title='bbox 1389 4703 1776 4768; x_wconf 87' lang='lat' dir='ltr'>Ambrosius</span> <span class='ocrx_word' id='word_1_343' title='bbox 1822 4722 1954 4767; x_wconf 91' lang='lat' dir='ltr'>non</span> <span class='ocrx_word' id='word_1_344' title='bbox 1993 4702 2357 4785; x_wconf 90' lang='lat' dir='ltr'>praebebat</span> <span class='ocrx_word' id='word_1_345' title='bbox 2398 4722 2773 4779; x_wconf 85' lang='lat' dir='ltr'>assensum;</span> 
     </span>
    </p>
   </div>
   <div class='ocr_carea' id='block_1_3' title="bbox 355 4852 2244 5091">
    <p class='ocr_par' dir='ltr' id='par_1_13' title="bbox 355 4852 2244 5091">
     <span class='ocr_line' id='line_1_42' title="bbox 359 4852 2100 4924; baseline -0.003 -13"><span class='ocrx_word' id='word_1_346' title='bbox 359 4859 440 4911; x_wconf 71' lang='lat'>7.</span> <span class='ocrx_word' id='word_1_347' title='bbox 469 4882 537 4893; x_wconf 93' lang='lat'>—</span> <span class='ocrx_word' id='word_1_348' title='bbox 560 4856 578 4889; x_wconf 86' lang='lat'><strong>¹</strong></span> <span class='ocrx_word' id='word_1_349' title='bbox 596 4854 938 4924; x_wconf 79' lang='lat' dir='ltr'>promittente</span> <span class='ocrx_word' id='word_1_350' title='bbox 956 4855 1020 4908; x_wconf 87' lang='lat' dir='ltr'>L.</span> <span class='ocrx_word' id='word_1_351' title='bbox 1036 4881 1095 4893; x_wconf 96' lang='lat'>—</span> <span class='ocrx_word' id='word_1_352' title='bbox 1125 4853 1148 4887; x_wconf 76' lang='lat'>²</span> <span class='ocrx_word' id='word_1_353' title='bbox 1171 4870 1312 4908; x_wconf 70' lang='lat' dir='ltr'>eras.</span> <span class='ocrx_word' id='word_1_354' title='bbox 1334 4853 1395 4906; x_wconf 73' lang='lat' dir='ltr'>in</span> <span class='ocrx_word' id='word_1_355' title='bbox 1412 4854 1485 4907; x_wconf 83' lang='lat' dir='ltr'>H.</span> <span class='ocrx_word' id='word_1_356' title='bbox 1519 4881 1566 4890; x_wconf 89' lang='lat'>-</span> <span class='ocrx_word' id='word_1_357' title='bbox 1583 4852 1608 4886; x_wconf 82' lang='lat'><strong>³</strong></span> <span class='ocrx_word' id='word_1_358' title='bbox 1625 4853 1753 4906; x_wconf 76' lang='lat' dir='ltr'>aad.</span> <span class='ocrx_word' id='word_1_359' title='bbox 1770 4869 1895 4920; x_wconf 66' lang='lat' dir='ltr'>cup.</span> <span class='ocrx_word' id='word_1_360' title='bbox 1916 4854 2016 4908; x_wconf 79' lang='lat' dir='ltr'>lin.</span> <span class='ocrx_word' id='word_1_361' title='bbox 2033 4853 2100 4906; x_wconf 92' lang='lat' dir='ltr'>L.</span> 
     </span>
     <span class='ocr_line' id='line_1_43' title="bbox 355 4934 2244 5016; baseline -0.003 -23"><span class='ocrx_word' id='word_1_362' title='bbox 355 4940 539 5016; x_wconf 52' lang='lat'>82—</span> <span class='ocrx_word' id='word_1_363' title='bbox 557 4939 575 4972; x_wconf 86' lang='lat'><strong>¹</strong></span> <span class='ocrx_word' id='word_1_364' title='bbox 590 4953 694 5007; x_wconf 76' lang='lat' dir='ltr'>que</span> <span class='ocrx_word' id='word_1_365' title='bbox 711 4955 814 4992; x_wconf 79' lang='lat' dir='ltr'>om.</span> <span class='ocrx_word' id='word_1_366' title='bbox 831 4937 897 4999; x_wconf 88' lang='lat' dir='ltr'>L.</span> <span class='ocrx_word' id='word_1_367' title='bbox 921 4953 1046 4991; x_wconf 71' lang='lat' dir='ltr'>eras</span> <span class='ocrx_word' id='word_1_368' title='bbox 1060 4938 1118 4990; x_wconf 76' lang='lat' dir='ltr'>in</span> <span class='ocrx_word' id='word_1_369' title='bbox 1137 4936 1210 4990; x_wconf 79' lang='lat' dir='ltr'>H.</span> <span class='ocrx_word' id='word_1_370' title='bbox 1232 4963 1300 4975; x_wconf 89' lang='lat'>—</span> <span class='ocrx_word' id='word_1_371' title='bbox 1322 4934 1346 4969; x_wconf 82' lang='lat'>¹</span> <span class='ocrx_word' id='word_1_372' title='bbox 1364 4934 1657 4989; x_wconf 83' lang='lat' dir='ltr'>obsisteret</span> <span class='ocrx_word' id='word_1_373' title='bbox 1677 4935 1746 4989; x_wconf 82' lang='lat' dir='ltr'>L.</span> <span class='ocrx_word' id='word_1_374' title='bbox 1767 4965 1833 4976; x_wconf 95' lang='lat'>—</span> <span class='ocrx_word' id='word_1_375' title='bbox 1854 4934 1880 4968; x_wconf 82' lang='lat'>⁸</span> <span class='ocrx_word' id='word_1_376' title='bbox 1894 4949 2002 5005; x_wconf 78' lang='lat' dir='ltr'>que</span> <span class='ocrx_word' id='word_1_377' title='bbox 2026 4935 2156 4990; x_wconf 79' lang='lat' dir='ltr'>add.</span> <span class='ocrx_word' id='word_1_378' title='bbox 2178 4934 2244 4987; x_wconf 90' lang='lat' dir='ltr'>L.</span> 
     </span>
     <span class='ocr_line' id='line_1_44' title="bbox 358 5021 1026 5091; baseline -0.009 -12"><span class='ocrx_word' id='word_1_379' title='bbox 358 5026 442 5079; x_wconf 77' lang='lat'>9.</span> <span class='ocrx_word' id='word_1_380' title='bbox 473 5049 545 5060; x_wconf 94' lang='lat'><strong>—</strong></span> <span class='ocrx_word' id='word_1_381' title='bbox 566 5022 585 5056; x_wconf 87' lang='lat'>¹</span> <span class='ocrx_word' id='word_1_382' title='bbox 605 5021 944 5091; x_wconf 72' lang='lat' dir='ltr'>episcop-tus</span> <span class='ocrx_word' id='word_1_383' title='bbox 959 5021 1026 5074; x_wconf 89' lang='lat' dir='ltr'>L.</span> 
     </span>
    </p>
   </div>
  </div>
 </body>
</html>
