3487 5450
345 793 372 822 ¹⁸
397 794 431 847 f.
456 793 562 848 13'.

363 2378 553 2434 *fil-1.

660 624 668 631 α
700 528 845 602 318
1288 628 1293 631 v
1374 552 1954 604 mmoefflu’mm
2006 551 2504 604 effluentum

701 793 737 831 *
754 799 837 893 In
878 797 1036 856 vita.
1085 796 1318 857 sancti
1365 785 1645 857 Albertl
1701 799 1790 857 de
1830 797 2236 858 Abbatlhus
2285 796 2558 857 ordinis
2616 797 3185 859 carmelitarum

1506 930 1507 933 =
1703 896 2171 969 prohemium.

788 1049 853 1104 1.
901 1039 1211 1105 Albertus
1240 1038 1472 1104 dicitur
1500 1038 1586 1104 ab
1609 1037 1780 1117 alab,
1808 1038 1983 1122 quod
2014 1042 2113 1103 est
2140 1038 2351 1105 lactea
2375 1038 2477 1104 vel
2507 1039 2802 1119 dulced0,
2827 1044 2892 1104 et
2923 1040 3044 1105 ber
3065 1041 3184 1123 (1),

700 1139 877 1223 quod
921 1142 1020 1203 est
1051 1138 1214 1216 fons,
1258 1144 1324 1204 et
1352 1140 1503 1204 thus
1548 1137 1724 1222 quod
1768 1142 1868 1203 est
1911 1140 2266 1217 incensum,
2299 1138 2487 1222 quasi
2530 1139 2804 1204 dulcedo
2852 1139 3048 1205 fontis
3079 1139 3187 1204 vel

700 1238 903 1304 dulcis
926 1239 1070 1303 fons
1094 1243 1159 1304 et
1180 1239 1464 1304 lacteum
1487 1238 1656 1316 thus,
1686 1243 1759 1303 ut
1781 1239 1873 1303 sic
1895 1239 2129 1302 merito
2152 1257 2393 1303 nomen
2416 1243 2731 1322 sequatur
2763 1239 2857 1304 rei
2890 1239 3189 1323 proprie-
3227 1259 3258 1306 s

701 1342 927 1415 tatem,
955 1342 1042 1402 vut
1073 1338 1227 1403 dicit
1268 1338 1694 1422 phssosophus
1725 1356 1882 1421 sepe
1911 1338 2035 1403 hoc
2073 1337 2388 1403 accidere.
2429 1337 2600 1403 Nam
2630 1339 2939 1404 Albertus
2969 1339 3186 1422 primo

704 1437 825 1503 fuit
852 1438 1055 1503 dulcis
1079 1438 1222 1503 fons
1252 1458 1368 1521 per
1397 1439 1706 1502 virtutem
1733 1438 2172 1502 misericordie
2202 1442 2266 1503 et
2293 1439 2660 1520 evangelice
2688 1438 3185 1521 predicationis3

704 1534 826 1600 fuit
872 1536 1120 1600 lacteus
1171 1556 1288 1618 per
1338 1536 1748 1601 dulcedinem
1799 1540 1864 1600 et
1913 1535 2283 1601 albedinem
2333 1536 2661 1619 puritatis3
2706 1537 2827 1602 fuit
2869 1538 3024 1602 thus
3065 1557 3189 1620 per

703 1633 975 1699 odorem
1006 1635 1388 1714 devotionis,
1432 1635 1591 1700 dum
1635 1636 1702 1701 in
1743 1639 1970 1700 nostro
1999 1639 2064 1700 et
2109 1636 2382 1718 Virginis
2425 1636 2628 1701 Marie
2673 1636 2901 1701 ordine
2944 1636 3085 1702 Deo
3116 1657 3189 1702 se

702 1733 972 1811 obtulit;
1000 1739 1073 1799 ut
1101 1733 1167 1798 in
1196 1734 1406 1816 primo
1437 1734 1825 1800 ostendatur
1853 1734 1989 1799 eius
2033 1735 2448 1818 prerogativa
2483 1735 2766 1818 pietatis,
2797 1736 2864 1800 in
2894 1736 3187 1801 secundo
3231 1755 3292 1803 ιο

704 1833 1085 1898 excellentia
1116 1834 1454 1913 castitatiS‚
1484 1834 1550 1898 in
1580 1834 1771 1898 tertio
1817 1834 2169 1899 eminentia
2201 1834 2565 1899 sanctitatis
2602 1835 2729 1917 (2);
2762 1835 2829 1899 in
2857 1855 2979 1901 sua
3006 1835 3190 1900 deni-

703 1951 835 2015 que
854 1932 989 1997 vita
1017 1932 1456 2016 principaliter
1491 1933 1841 2016 tripartita,
1870 1934 2084 2016 primo
2115 1934 2198 1998 de
2232 1933 2538 2016 singulari
2573 1934 2907 2017 privilegio
2936 1935 3186 2000 ordinis

702 2030 770 2094 in
798 2052 919 2097 sua
935 2032 1024 2113 (3)
1058 2032 1417 2111 nativitate,
1448 2032 1734 2097 secundo
1764 2032 1847 2106 de
1877 2033 2234 2116 exemplari
2265 2033 2570 2097 exercitio
2599 2032 2943 2116 religioniS,
2990 2034 3188 2100 tertio

704 2130 786 2194 de
806 2131 1183 2214 particulari
1212 2130 1533 2197 adiutorio
1557 2131 2025 2197 admirationis

1230 2364 1264 2401 *
1280 2367 1454 2426 Vita
1495 2368 1730 2426 sancti
1773 2365 2054 2427 Albertl
2098 2368 2186 2426 de
2227 2367 2654 2427 Abbatihus.
3228 2389 3293 2440 ⁴5

790 2536 858 2592 2.
908 2527 1052 2592 Fuit
1102 2528 1169 2591 in
1220 2527 1450 2592 diebus
1493 2527 1908 2592 illustrissimi
1957 2526 2135 2592 Petri
2185 2527 2436 2611 antiqui
2477 2528 2646 2610 regis
2692 2527 3077 2597 Cathalonie
3125 2536 3192 2596 et

710 2625 922 2693 Sicilie
951 2627 1047 2691 vir
1090 2625 1358 2710 quidam
1387 2627 1453 2691 in
1483 2627 1746 2692 civitate
1788 2627 2196 2709 Trapanensi
2238 2632 2652 2710 nuncupatus
2688 2628 2952 2694 nomine
2979 2629 3193 2695 Bene-

708 2725 936 2811 dictuS‚
964 2727 1342 2810 progenitus
1366 2747 1521 2792 vero
1545 2727 1746 2792 nobili
1774 2728 1976 2809 stirpe
2005 2725 2376 2792 Florentina
2407 2728 2502 2812 (4)
2532 2728 2615 2792 de
2639 2728 3032 2794 Abbatibus.
3062 2730 3190 2796 Hic

707 2846 979 2892 uxorem
1022 2826 1206 2891 duxit
1248 2827 1513 2892 nomine
1555 2826 1918 2892 Iohannam
1961 2827 2084 2891 sibi
2128 2826 2527 2892 consimilem
2565 2828 2894 2911 prosapia,
2923 2829 3075 2895 licet
3102 2829 3187 2896 de

707 2931 931 2991 monte
973 2926 1262 3008 Trapani
1291 2931 1505 2991 castro
1535 2928 1626 3010 (5)
1656 2927 1747 2991 sic
1774 2927 2111 2991 nominato
2155 2926 2410 2991 duxerit
2448 2919 2780 3010 originem.
2823 2927 2910 2993 Hi
2931 2933 2932 2936 ’
2951 2928 3183 2996 lauda·
3222 2951 3290 3003 πο

707 3025 905 3090 bilem
927 3025 1131 3090 vitam
1155 3044 1374 3090 coram
1392 3025 1530 3090 Deo
1552 3026 1786 3108 iugiter
1807 3026 2154 3090 ducebant.
2171 3025 2249 3090 Et
2266 3045 2415 3090 cum
2429 3026 2669 3091 diutius
2685 3028 2873 3110 quasi
2888 3031 3187 3112 tempore

707 3145 1031 3192 annorum
1076 3145 1229 3190 xxv1
1277 3125 1610 3190 maritales
1653 3125 1995 3208 amplexus
2036 3129 2445 3209 peragerent,
2498 3130 2860 3210 natumque
2911 3128 3190 3195 nullate-

704 3245 828 3291 nus
851 3225 1097 3290 habere
1117 3226 1209 3289 eis
1233 3226 1589 3308 contigerit,
1614 3225 1773 3308 quin
1793 3244 1943 3307 ymo
1968 3224 2192 3290 sobole
2213 3225 2467 3290 steriles
2487 3245 2756 3308 prorsus
2787 3246 3185 3294 remansere.

670 3319 673 3322 ’
707 3325 993 3390 Demum
1022 3324 1236 3389 divino
1268 3324 1531 3389 consilio
1559 3329 1839 3407 pensato
1863 3315 2140 3407 qualiter
2168 3329 2401 3389 natum
2435 3324 2724 3389 futurum
2751 3326 2848 3390 eis
2877 3327 3186 3393 baculum

706 3424 1060 3489 senectutis
1089 3423 1384 3489 obtinere
1426 3424 1890 3506 pertingerent,
1920 3442 2078 3487 voce
2106 3423 2303 3500 iubili‚
2342 3427 2562 3488 mente
2605 3443 2857 3502 serena,
2887 3425 3185 3492 confecta
3225 3445 3288 3496 η

706 3523 1071 3606 supplicum
1114 3527 1269 3587 vota
1298 3522 1706 3587 sanctissime
1749 3522 1951 3586 Marie
1992 3522 2232 3604 Virgini
2262 3523 2651 3605 promictere
2678 3542 2811 3587 non
2840 3524 3184 3605 desistunt,

707 3627 1050 3706 quatenuS,
1080 3621 1132 3685 si
1184 3622 1328 3704 ipsa
1372 3625 1753 3686 cunctorum
1797 3622 2098 3686 etherum
2135 3621 2359 3704 regina
2415 3621 2666 3704 prolem
2716 3623 3184 3704 gratiosissime

707 3721 902 3787 corde
965 3721 1201 3785 devoto
1267 3721 1685 3802 poscentibus
1745 3721 2084 3789 confestim
2141 3720 2497 3786 concedere
2554 3741 2674 3786 sua
2738 3721 3187 3790 misericordia

705 3826 971 3888 assueta
1019 3821 1413 3904 dignaretur.
1466 3824 1532 3884 et
1581 3821 1635 3885 si
1680 3824 1984 3904 optatum
2029 3819 2232 3884 filium
2277 3811 2521 3885 habere
2568 3817 2926 3905 contigerit,
2965 3822 3185 3905 ipsum

707 3921 917 3988 ordini
952 3939 1069 3985 suo
1100 3920 1181 3984 de
1213 3920 1433 3984 Monte
1463 3919 1763 3985 Carmelo
1808 3939 2069 3984 servum
2112 3924 2431 4002 perpetuo
2461 3920 2851 3985 duraturum
2880 3921 3187 3989 dedicare
3223 3940 3289 3993 30

705 4022 1040 4084 voverent.
1069 4018 1304 4101 Sicque
1329 4018 1618 4082 votivam
1644 4019 2142 4100 promissionem
2165 4018 2251 4083 ad
2280 4019 2554 4083 invIcem
2589 4019 2951 4099 conferunt,
2982 4040 3188 4104 quam

708 4118 939 4201 singuli
983 4117 1238 4182 divisim
1281 4118 1461 4200 prius
1505 4123 2027 4200 composuerant,
2072 4117 2495 4197 orationibus,
2536 4118 2790 4183 ieiuniis
2832 4138 2910 4184 ac
2940 4120 3186 4186 elemo-

708 4218 888 4295 siniS‚
910 4218 1176 4282 demum
1198 4216 1385 4282 dictis
1414 4217 1717 4301 continue
1747 4217 2159 4283 confirmant.
2188 4216 2438 4295 Quibus
2466 4208 2598 4283 non
2628 4217 2937 4284 deficiens
2966 4219 3192 4285 Domi·

704 4337 829 4382 nus
851 4321 1074 4383 noster
1103 4316 1253 4382 inde
1283 4317 1369 4381 ad
1397 4336 1641 4399 paucos
1672 4316 1811 4382 dies
1842 4321 1992 4383 voto
2021 4321 2288 4400 peracto
2319 4317 2569 4400 solepni
2594 4317 2849 4383 videtur
2876 4323 3187 4385 naturam
3245 4348 3254 4354 ·

706 4417 995 4482 sterilem
1030 4436 1108 4482 ac
1150 4416 1475 4482 defectam
1515 4417 1648 4481 iam
1697 4417 1883 4482 senili
1935 4421 2111 4483 etate
2163 4416 2418 4482 illorum
2459 4421 2769 4482 mutasse.
2811 4417 2983 4483 Nam
3025 4420 3188 4486 dum
3223 4436 3289 4488 35

677 4654 687 4668 ⁸
774 4596 850 4663 (1)
885 4598 1005 4650 Her
1037 4602 1084 4662 1,
1116 4601 1165 4651 4.
1191 4598 1313 4652 Om.
1335 4598 1625 4667 prologum
1649 4603 1697 4652 2.
1736 4625 1805 4638 -—
1826 4599 1899 4663 (2)
1936 4598 2208 4652 Hactenus
2242 4597 2312 4651 ad
2346 4597 2581 4652 litteram
2626 4603 2679 4663 1,·
2719 4598 2850 4653 hinc
2879 4605 2929 4664 4,
2962 4599 3187 4656 inverso

706 4678 943 4733 duarum
964 4678 1210 4747 priorum
1232 4681 1516 4748 phrasium
1550 4679 1758 4733 ordine.
1782 4679 1928 4734 Nihil
1951 4685 1986 4733 3
2009 4684 2066 4734 et
2100 4687 2147 4734 5.
2171 4708 2238 4718 -
2273 4680 2345 4745 (3)
2384 4680 2489 4735 Sue
2512 4678 2633 4733 Vat.
2655 4708 2723 4719 —
2745 4680 2819 4746 (4)
2844 4680 2993 4735 Haec
3029 4683 3188 4751 origo

706 4760 1023 4816 Florentius
1068 4778 1103 4815 a
1141 4762 1336 4817 ceteris
1375 4762 1648 4817 reticetur.
1680 4790 1749 4802 -
1773 4763 1846 4829 (5)
1881 4762 2105 4817 Addunt
2135 4768 2170 4816 2
2203 4767 2257 4816 et
2289 4767 2322 4817 4
2355 4781 2376 4817 .·
2413 4764 2520 4829 Qui
2556 4779 2711 4817 mone
2748 4770 2827 4816 est
2865 4766 3027 4818 iuxta
3066 4784 3189 4821 eon·

705 4853 919 4898 ventum
954 4843 1222 4899 'Fratrum
1250 4847 1476 4899 Ordinis
1499 4846 1678 4900 beatae
1695 4846 1802 4899 Dei
1822 4843 2107 4912 qenit'ricis
2126 4846 2305 4900 Μανία
2328 4847 2392 4900 de
2415 4845 2595 4898 Monte
2617 4845 2937 4912 Carmeli‚et
2959 4857 3188 4904 vocatur

708 4935 994 4981 cononatus
1010 4929 1397 4996 Drepanenst‘e.
1420 4926 1611 4982 Simile
1641 4927 1924 4997 quidpiam
1947 4935 1996 4983 5.
2302 4957 2305 4960 ·
