3487 5450
699 529 796 603 28
1734 548 1825 601 m:
1877 548 2118 601 mono

777 750 847 806 Η
866 740 919 779 ¹²
946 772 1024 792 =
1045 739 1233 804 coda
1256 740 1539 823 siynatus
1567 740 1667 815 12,
1690 738 1840 802 olim
1861 738 1990 803 Vn.
2012 738 2071 803 8.
2101 739 2180 803 A.
2210 739 2284 818 1.‚
2308 740 2574 803 continet
2602 760 2838 805 menses
2858 740 3147 825 aprilem,

692 841 954 922 maium,
982 840 1247 903 iunium.
1274 839 1533 903 Constat
1549 837 1726 918 foliis
1743 838 1873 901 327
1893 837 2146 919 (or-,430
2182 853 2236 906 ><
2270 838 2509 921 0,.305),
2524 846 2781 921 praeter
2801 860 3001 903 unum
3022 860 3153 904 non

691 943 1111 1017 numeratum,
1138 935 1304 1022 quod
1331 938 1397 999 in
1425 937 1607 999 initio
1637 935 1928 999 additum
1970 942 2058 1001 est
2088 944 2143 1001 et
2191 937 2456 1001 continet
2490 938 2689 1001 trium
2723 936 2951 1001 horum
2982 958 3153 1002 men-

690 1036 854 1099 sium
881 1034 1345 1099 kalendarium.
1379 1034 1589 1100 Multa
1628 1033 1794 1116 folia
1822 1054 2036 1099 umore
2077 1035 2146 1099 in
2192 1036 2512 1118 superiore
2535 1044 2726 1119 parte
2757 1036 2912 1120 plus
2938 1038 3153 1102 minus

689 1141 837 1199 sunt
856 1141 1181 1217 corrupta.

771 1234 905 1298 3¹⁸
939 1265 1004 1285 -=
1039 1232 1230 1297 codex
1255 1233 1543 1316 siynatus
1566 1232 1665 1312 13,
1695 1232 1843 1295 olim
1873 1231 2003 1295 VH.
2034 1232 2094 1297 9.
2119 1233 2196 1297 A.
2226 1233 2307 1309 1.‚
2345 1234 2610 1297 continet
2635 1253 2870 1298 menses
2896 1234 3149 1317 iulium,

689 1339 1048 1417 auqustum,
1077 1329 1490 1415 septembrem.
1542 1330 1801 1394 Constat
1841 1329 2020 1411 foliis
2062 1330 2186 1393 266
2222 1331 2480 1413 (0⁶¹,405
2530 1348 2582 1398 ><
2638 1331 2876 1415 0,300),
2894 1339 3155 1415 praeter

689 1430 816 1494 duo
836 1451 960 1494 non
981 1437 1339 1511 numerata,
1365 1450 1524 1515 quae
1550 1430 1620 1492 in
1640 1429 1825 1492 initio
1847 1430 2056 1512 posita
2086 1435 2232 1492 sunt
2254 1435 2309 1492 et
2331 1431 2640 1493 continent
2667 1429 3141 1495 kalendarium.

690 1531 949 1615 Aliquot
971 1518 1135 1611 folia
1184 1531 1257 1591 in'
1290 1548 1493 1592 mense
1535 1535 1800 1612 anqusto
1845 1527 1999 1591 adeo
2041 1548 2256 1591 umore
2298 1528 2470 1592 laesa
2516 1535 2681 1610 sunt,
2724 1535 2795 1592 ut
2839 1530 3054 1594 inultis
3077 1530 3153 1593 in

688 1630 839 1693 locis
859 1631 963 1692 vix
991 1629 1324 1713 quicquam
1354 1628 1474 1712 leyi
1491 1629 1712 1711 possit.
1751 1626 1958 1691 Codex
1985 1627 2250 1691 mutilus
2278 1634 2383 1709 est,
2429 1628 2638 1692 ablato
2667 1628 2897 1692 scilicet
2927 1629 3150 1693 ultimo

687 1728 866 1810 folio.
1323 1738 1327 1742 ’

727 1842 737 1850 ·
773 1827 903 1892 3¹⁴
931 1858 1011 1878 =
1039 1825 1228 1889 codex
1253 1826 1539 1909 siqnatus
1559 1823 1662 1903 14,
1690 1824 1839 1888 olim
1863 1824 1910 1888 Ι.
1940 1823 2043 1889 97.
2072 1824 2150 1889 A.
2186 1824 2243 1888 1.
2271 1823 2544 1889 Mutilus
2570 1833 2658 1889 est
2687 1831 2822 1889 tum
2852 1828 2918 1888 in
2945 1826 3147 1908 initio,

691 1932 825 1989 tum
851 1927 920 1989 in
961 1925 1101 2007 fine,
1132 1930 1186 1988 et
1215 1926 1477 1988 continet
1508 1922 1946 1988 tantummodo
1987 1922 2287 2008 leyendas
2318 1944 2359 1988 a
2402 1924 2503 1988 die
2542 1926 2624 1989 22
2665 1924 3009 1989 novembris
3065 1924 3154 1989 ad

691 2024 854 2089 diem
880 2025 964 2087 27
983 2021 1318 2087 decembris
1328 2045 1357 2103 ;
1383 2042 1575 2108 neque
1599 2021 1777 2086 habet
1799 2021 2266 2103 kalendarium,
2298 2023 2462 2107 quod
2484 2024 2696 2087 ceteris
2728 2023 3152 2088 voluminibus

685 2124 1043 2206 praefixum
1073 2129 1179 2186 est.-
1206 2121 1462 2187 Constat
1489 2142 1658 2186 nunc
1680 2121 1862 2204 foliis
1889 2122 2009 2185 171
2040 2121 2294 2204 (003420
2329 2141 2377 2188 ><
2415 2122 2647 2204 0,.305).
2685 2122 2880 2187 Umor
2899 2122 3153 2208 quibus-

690 2223 840 2287 dam
866 2223 1046 2305 foliis
1066 2221 1533 2306 aliquantulum
1555 2221 1784 2285 nocuit.

1359 2533 1456 2589 11.
1504 2533 1893 2601 Exemplar
1936 2529 2478 2601 Campumense.

775 2740 1076 2805 Servatur
1101 2741 1171 2802 in
1194 2737 1445 2802 abbatia
1474 2738 1705 2821 Campi
1729 2737 2069 2818 Liliorum,
2106 2735 2259 2802 ord.
2293 2737 2445 2802 Cist.
2475 2738 2856 2822 (Lilienfeld‚
2887 2741 2958 2802 in
2982 2741 3150 2823 infe-

689 2842 860 2904 riore
905 2841 1226 2922 Austria),
1255 2857 1415 2923 quae
1456 2844 1542 2900 est
1574 2836 1847 2925 Sanctae
1889 2836 2114 2900 Crucis
2152 2835 2330 2917 filia,·
2358 2844 2597 2901 constat
2635 2844 2845 2902 autem
2888 2838 3152 2902 volumi-

690 2939 874 3003 nibus
900 2938 1099 3002 tribus
1124 2937 1375 3020 formae
1406 2956 1690 3017 maynae,
1718 2956 1877 3021 quae
1907 2957 2039 2998 una
2066 2956 2280 3015 manu,
2300 2937 2563 3020 payinis
2590 2936 2928 3020 bipartitis,
2950 2938 3151 3002 nitide

691 3045 956 3103 exarata
979 3042 1125 3101 sunt
1146 3057 1304 3100 saec.
1329 3034 1523 3099 XIII
1542 3036 1658 3118 (1).
1704 3034 2035 3098 Continent
2063 3054 2298 3098 menses
2324 3037 2699 3100 ianua-rium
2729 3037 2819 3100 ad
2847 3038 3153 3101 martium

689 3145 745 3202 et
762 3138 991 3202 iulium
1019 3136 1107 3199 ad
1131 3133 1547 3219 septembrem.
1574 3132 1754 3197 Haec
1774 3140 1844 3197 ut
1866 3135 1954 3196 ad
1976 3154 2107 3214 nos,
2134 3134 2490 3198 concedente
2509 3136 2872 3219 perillustri
2892 3136 3148 3201 Domno

689 3237 946 3317 Abbate,
982 3235 1331 3300 Bruxellas
1378 3235 1790 3314 mitterentur,
1830 3253 1957 3316 pro
2005 3254 2125 3297 sua
2174 3236 2241 3296 in
2305 3255 2419 3298 nos
2482 3235 2890 3301 benevolentia
2952 3237 3155 3321 effecit

692 3337 838 3402 Rev.
862 3336 940 3400 P.
979 3334 1322 3418 Greqorius
1349 3331 1589 3413 Kubin,
1621 3332 2117 3415 Campililiensis
2133 3332 2649 3399 bibliothecarius.

773 3436 902 3499 Lus
936 3466 1005 3487 =
1040 3432 1229 3497 codex
1283 3432 1573 3516 siqnatus
1640 3431 1743 3510 58,
1808 3430 1959 3494 olim
2013 3432 2201 3496 Vitae
2268 3431 2657 3498 Sanctorum
2707 3435 2830 3498 239
2880 3434 3043 3500 Pars
3104 3437 3155 3515 Ι,

694 3536 856 3601 1330
874 3536 988 3617 (2),
1039 3538 1396 3615 compactus
1436 3551 1540 3596 an.
1591 3530 1775 3613 1647,
1813 3532 2077 3595 continet
2125 3538 2323 3596 totum
2358 3535 2730 3597 ianuarium
2761 3541 2814 3596 et
2833 3533 3153 3615 februarii

690 3635 823 3700 dies
865 3635 1031 3697 1-15.
1075 3632 1329 3696 Constat
1369 3629 1705 3715 foliisb151
1742 3630 1995 3713 (ov-,420
2047 3649 2094 3697 ><
2153 3632 2384 3715 0‚300).
2444 3631 2938 3714 Kalenclarium,
2987 3634 3157 3717 quod

689 3735 851 3799 velut
903 3731 1094 3795 index
1150 3736 1576 3794 contentorum
1629 3728 1911 3809 habetur,
1967 3729 2348 3813 descriptum
2390 3737 2476 3794 est
2532 3751 2690 3794 saec.
2737 3730 2805 3794 X
2823 3730 2894 3812 V,
2932 3731 3049 3813 fol.
3095 3735 3154 3797 1.

693 3830 947 3895 Folium
980 3830 1096 3893 151
1126 3828 1501 3892 additicium
1529 3834 1617 3890 est
1627 3850 1651 3902 ‚·
1669 3827 1979 3910 primitus
2006 3829 2171 3891 enim
2199 3829 2388 3892 codex
2417 3828 2730 3893 desinebat
2760 3831 2827 3892 in
2854 3830 3011 3912 folio
3023 3833 3148 3895 150

692 3949 797 3993 seu
828 3930 1044 4013 potius
1086 3929 1377 3991 continuo
1436 3925 1807 4009 iunqebatur
1855 3946 1994 3989 cnm
2044 3928 2128 3991 iis
2165 3927 2364 4008 foliis,
2418 3928 2638 4012 quibus
2690 3949 2858 3992 nunc
2911 3938 3155 3996 constat

693 4028 884 4092 codex
910 4029 1016 4092 59.
1049 4028 1207 4092 Cum
1230 4028 1394 4090 enim
1423 4025 1651 4090 Passio
1676 4025 1978 4089 Faustini
2004 4032 2060 4088 et
2082 4024 2333 4107 Iovitae,
2355 4029 2598 4111 quaein
2625 4028 2829 4093 codice
2850 4030 2936 4093 58
2959 4030 3154 4094 scribi

693 4134 903 4212 coepta
930 4133 1035 4208 est,
1064 4125 1291 4189 ibidem
1322 4131 1590 4188 extremo
1630 4123 1789 4204 folio
1832 4127 1980 4188 15ου
2011 4124 2373 4207 imperfecta
2403 4126 2479 4188 in·
2501 4127 2702 4189 medio
2731 4127 2909 4191 verbo
2938 4134 3159 4194 osten-

692 4227 848 4292 dere
888 4225 1152 4304 desinat,
1181 4245 1222 4287 a
1260 4224 1506 4308 reliqua
1532 4230 1722 4307 parte
1764 4221 2114 4306 Passionis,
2157 4225 2308 4308 quin
2365 4226 2554 4288 etiam
2603 4227 2929 4309 ipsiusmet
2963 4227 3158 4294 huius

690 4324 875 4404 verbi,
900 4325 1156 4387 initium
1176 4322 1348 4385 ducit
1371 4322 1600 4404 folium
1628 4325 1672 4385 2
1693 4322 1922 4386 codicis
1947 4323 2049 4386 59.
2082 4321 2184 4386 Ita
2206 4344 2420 4407 nempe
2445 4325 2584 4406 (cod
2592 4376 2605 4389 .
2640 4326 2739 4406 58,
2768 4326 2878 4404 fol.
2925 4328 3101 4410 15022)
3131 4351 3154 4391 .·

692 4424 1018 4490 Adrianus
1044 4442 1200 4488 vero
1225 4426 1462 4504 optans
1504 4421 1778 4486 deorum
1824 4441 2090 4486 suorum
2128 4441 2167 4486 o
2204 4425 2213 4504 Ι
2251 4422 2412 4504 (cod.
2448 4425 2552 4503 59,
2578 4424 2695 4505 fol.
2725 4426 2816 4507 2⁷)
2849 4427 3155 4494 stendere

690 4524 980 4608 gloriam.
1010 4521 1237 4587 Postea
1277 4542 1438 4604 vero,
1481 4520 1699 4585 addito
1725 4520 1841 4603 fol.
1870 4522 2009 4601 151,
2050 4522 2117 4584 in
2146 4529 2338 4604 parte
2384 4521 2573 4586 huius
2611 4531 2779 4587 recta
2821 4524 3159 4609 descripsit

758 4739 833 4805 (1)
856 4739 935 4792 De
950 4737 1040 4791 his
1060 4736 1167 4790 vid.
1192 4738 1368 4790 Xenia
1390 4737 1772 4802 Berotai-dina,
1797 4739 1930 4810 μα,
1952 4752 2006 4803 p.
2025 4736 2197 4790 5013.
2216 4764 2283 4774 —
2305 4736 2379 4803 (2)
2396 4736 2668 4803 Refertur,
2690 4743 2839 4806 puto,
2858 4739 2949 4795 hie
2971 4757 3163 4798 nume·

690 4838 787 4876 rus
823 4820 895 4874 ad
928 4820 1121 4875 ultima
1159 4819 1329 4873 verba
1369 4834 1512 4887 quae
1537 4819 1793 4886 leguntur
1825 4818 1915 4873 fol.
1943 4819 2102 4874 151⁹:
2139 4819 2343 4873 Frater
2365 4820 2672 4887 Leopoldus
2704 4824 2768 4875 de
2809 4824 3162 4895 Neuenberya

687 4908 904 4973 primas
934 4904 1230 4957 monachus
1264 4905 1322 4956 in
1350 4903 1555 4972 Campo
1579 4903 1865 4956 Liliorum
1881 4903 1950 4956 ab
1979 4919 2124 4957 anno
2160 4906 2310 4956 1330.
2334 4903 2656 4959 Benedictus
2691 4906 2856 4958 Deus.
