3487 5450
686 473 835 545 416
1489 492 1577 548 m:
1629 491 2075 544 mvnnnoms
2126 492 2372 543 cnums

687 701 805 760 νος
855 683 1101 761 μέλλων
1151 680 1405 761 ἀφιέναι
1454 683 1530 745 τὸ
1580 684 1831 759 πνεῦμα
1880 680 2106 755 αὑτοῦ,
2157 679 2448 759 τανύσας
2496 681 2613 759 τὰς
2655 684 2872 760 χεῖρας
2916 680 3009 759 εἰς
3053 681 3177 745 τὸν

690 788 975 868 οὐρανὸν
1023 784 1218 853 εἶπεν·
1266 789 1469 867 κύριε,
1521 791 1603 868 μὴ
1658 790 1914 873 στήσῃς
1954 787 2229 865 <αύτοῖς
2258 789 2341 858 ¹>
2380 791 2497 866 τήν
2546 788 2857 867 ἁμαρτίαν
2908 790 3174 870 ταύτην.

688 896 888 960 ἄκουε
937 895 1075 971 οὗν,
1108 897 1347 971 τέκνον,
1381 896 1494 979 καὶ,
1519 896 1755 961 διδάξω
1802 911 1880 960 σε
1920 896 2000 959 τὰ
2039 897 2186 974 περὶ
2228 900 2347 960 τοῦ
2390 896 2671 974 Χριστοῦ
2721 899 2822 960 καὶ
2864 899 3011 976 περὶ
3054 904 3176 977 τῆς

689 1005 1158 1082 εὐσπλαγχνίας
1189 1005 1409 1079 αὐτοῦ,
1442 1004 1539 1068 ὅτι
1567 1005 1666 1068 καὶ
1696 1005 1952 1081 Σαῦλος
1975 1002 2001 1040 ²
2045 1001 2084 1066 6
2112 1003 2281 1081 πρὸς
2312 1009 2404 1087 τῷ
2438 1011 2706 1089 σταυρῷ
2738 1004 3176 1085 καθεζόμενος

691 1110 730 1176 6
782 1114 881 1175 καὶ
931 1111 1382 1190 ἱμαντοτόμος,
1416 1111 1709 1188 κάκεῖνος
1749 1110 1881 1188 <’ἧν
1903 1110 1990 1180 ⁸>
2017 1112 2322 1175 διώκων4
2364 1112 2524 1189 τοὺς
2575 1111 2675 1176 ἐπὶ
2717 1114 2836 1177 τὸν
2886 1113 3177 1191 Χριστὸν
3213 1120 3244 1164 ⁵

687 1218 1115 1296 πιστεύοντας
1136 1219 1162 1257 ⁶
1191 1219 1267 1297 ὃς
1298 1219 1398 1281 καὶ
1428 1218 1640 1297 ἤγειρε
1669 1219 1785 1281 τὸν
1814 1218 2010 1296 ὄχλον
2040 1219 2199 1281 κατὰ
2226 1221 2346 1282 τοῦ
2378 1218 2674 1297 ἀδελφοῦ
2708 1220 2894 1298 ἡμῶν
2924 1221 3181 1299 Στεφά-

687 1345 845 1390 νου·
895 1329 1390 1405 σπλαγχνισθεὶς
1442 1326 1564 1390 οὖν
1614 1326 1651 1389 6
1703 1326 1981 1404 Χριστὸς
2041 1324 2139 1389 ἐπ’
2192 1325 2393 1390 αὐτὸν
2451 1326 2762 1406 ἐποίησεν
2820 1327 3027 1392 αὐτὸν
3078 1329 3180 1407 ὡς

692 1432 807 1497 ἕνα
847 1437 980 1497 τῶν
1023 1434 1308 1499 ἐνδόξων
1349 1432 1551 1497 αὐτοῦ
1596 1437 1901 1513 μαθητῶν
1945 1434 2277 1509 γενέσθαι.
2308 1434 2409 1497 διὸ
2457 1434 2634 1510 κάγὼ
2668 1437 2767 1497 καὶ
2802 1435 2866 1498 οἱ
2895 1437 3183 1514 πατέρες

688 1540 875 1620 ἡμῶν
896 1541 1361 1619 ἐπιστεύσαμεν
1384 1541 1480 1605 ὅτι
1504 1541 1715 1618 ὄντως
1746 1540 1945 1618 αὐτός
1968 1540 2147 1605 ἐστιν
2170 1541 2207 1605 6
2233 1540 2376 1619 υἱὸς
2398 1545 2517 1605 τοῦ
2545 1542 2718 1606 Θεοῦ
2736 1545 2861 1619 ,τοῦ
2887 1547 3179 1622 ζῶντος·

691 1649 909 1713 καὶσὺ
942 1648 1080 1724 οὖν,
1104 1650 1348 1723 τέκνον,
1386 1650 1469 1728 μὴ
1496 1650 1982 1732 βλασφημήσῃς
2027 1648 2117 1727 εἰς
2161 1647 2380 1724 αὐτόν,
2426 1653 2587 1728 μηδὲ
2628 1652 2789 1727 τοὺς
2833 1649 2926 1728 εἰς
2971 1651 3180 1715 αὐτὸν
3222 1657 3285 1705 ⁴⁰

688 1757 1116 1834 πιστεύοντας
1166 1757 1590 1840 λοιδορήσῃς,
1634 1756 1795 1819 ἀλλὰ
1842 1755 2203 1821 πίστευσον
2256 1755 2347 1834 είς
2402 1755 2619 1830 αὐτόν,
2643 1755 2753 1820 ἵνα
2795 1756 2948 1840 ἔχῃς
2998 1758 3183 1834 ζωήν

692 1862 972 1928 αίῶνιον.
1000 1862 1209 1927 ταῦτά
1236 1883 1341 1942 μοι
1386 1863 1778 1928 διέστειλεν6
1809 1863 1847 1926 6
1889 1864 2100 1942 πατήρ
2148 1883 2273 1942 μου
2320 1864 2565 1942 Σίμων·
2598 1864 2742 1928 ἰδοὺ
2795 1862 2921 1928 οὗν
2962 1865 3185 1928 πάντα

692 1971 1045 2045 ἠκούσατε.
1077 1971 1131 2034 τί
1163 1970 1311 2049 ὑμῖν
1341 1974 1543 2045 δοκεῖ,
1572 1970 1684 2034 ἐὰν
1714 1969 2017 2054 ἐρωτήσῃ
2064 1969 2232 2049 ὑμᾶς
2276 1972 2423 2049 περὶ
2464 1974 2585 2036 τοῦ
2630 1975 2958 2049 σταυροῦ;
2996 1973 3061 2036 οἱ
3104 1975 3185 2037 δὲ

695 2072 903 2142 εἶπαν·
954 2078 1130 2157 ἡμεῖς
1181 2079 1498 2144 οὐδέποτε
1545 2080 1920 2159 ἠκούσαμεν
1969 2083 2237 2144 τοιαῦτα
2286 2078 2394 2143 οἶα
2442 2080 2618 2157 παρὰ
2669 2083 2830 2144 σοῦ·
2883 2080 2999 2145 ἐὰν
3050 2080 3185 2147 οὖν

696 2187 960 2264 ζήτησις
1009 2188 1262 2265 γένηται
1303 2189 1446 2264 περὶ
1490 2187 1754 2262 τούτου,
1802 2189 1883 2265 μὴ
1930 2186 2269 2271 ἐπιδείξῃς·
2297 2186 2559 2264 πάντως
2604 2187 2729 2265 γὰρ
2778 2187 2877 2251 ὅτι
2909 2189 3013 2251 καὶ
3054 2190 3180 2253 τὸν
3219 2194 3285 2240 ⁴³

692 2294 900 2359 τόπον
942 2293 1312 2358 ἐπίστασαι.
1342 2295 1442 2358 καὶ
1486 2295 1575 2359 ἔτι
1619 2294 1836 2358 αὐτῶν
1884 2297 2086 2358 ταῦτα
2127 2295 2467 2370 λεγόντων,
2511 2295 2978 2381 παραγίνονται
3023 2300 3188 2375 δρο-

696 2404 870 2480 μαῖοι
892 2404 1277 2479 στρατιῶται
1303 2402 1471 2478 πρὸς
1503 2401 1745 2478 αὐτοὺς
1772 2402 2096 2480 λέγοντες·
2128 2404 2302 2466 καλεῖ
2328 2400 2496 2480 ὑμᾶς
2524 2401 2563 2479 ἡ
2598 2404 2983 2481 βασίλισσα·
3016 2403 3078 2468 οἱ
3105 2406 3187 2468 δὲ

697 2509 1205 2587 παραγενόμενοι
1227 2510 1335 2571 καὶ
1363 2508 1851 2588 ἀνακρινόμενοι
1878 2507 2029 2588 παρ’
2062 2509 2261 2589 αὐτῆς
2290 2511 2407 2587 τὴν
2451 2509 2753 2588 ἀλήθειαν
2796 2509 2924 2574 οὐκ
2972 2505 3185 2576 εἷπον.

700 2617 848 2682 τότε
876 2616 1361 2695 ὀρ<γ>ισθεῖσα
1386 2616 1410 2652 ⁷
1442 2616 1481 2694 ἡ
1515 2617 1892 2695 βασίλισσα,
1919 2616 2218 2681 ἐκέλευσε
2243 2616 2489 2695 πάντας
2510 2617 2666 2695 πυρὶ
2691 2620 3186 2697 παραδοθῆναι·

702 2724 763 2789 οἱ
793 2728 867 2789 δὲ
894 2724 1293 2803 φοβηθέντες
1320 2723 1706 2802 παρέδωκαν
1733 2725 1851 2789 τὸν
1881 2723 2128 2790 Ἰούδαν
2156 2725 2480 2803 λέγοντες·
2512 2727 2853 2801 δέσποινα,
2882 2725 3089 2805 οὗτος
3136 2727 3180 2791 6
3221 2728 3289 2777 ¹⁰

700 2830 1051 2910 ἄνθρωπος
1103 2831 1346 2910 ἀνδρὸς
1396 2831 1644 2896 δικαίου
1699 2833 1802 2895 καὶ
1847 2833 2198 2912 προφήτου
2253 2831 2395 2909 υἱός
2442 2831 2620 2897 ἐστιν
2667 2833 2768 2897 καὶ
2817 2835 2938 2899 τὸν
2970 2836 3189 2913 νόμον

700 2939 1030 3004 ἐπίσταται
1060 2940 1342 3018 ἀκριβῶς
1386 2941 1486 3002 καὶ
1530 2940 1729 3017 αὐτὸς
1774 2939 2085 3004 ἀναδείξει
2123 2937 2333 3002 πάντα
2379 2941 2459 3004 τὰ
2510 2939 2645 3004 κατ’
2677 2941 3020 3020 ἐπιθυμίαν
3060 2947 3191 3021 τῆς

699 3047 965 3125 καρδίας
996 3062 1143 3110 σου.
1175 3047 1525 3110 ἀκούσασα
1554 3033 1626 3110 δέ
1654 3047 2079 3125 ἡβασίλισσα
2106 3049 2323 3120 ταῦτα,
2343 3049 2503 3125 τοὺς
2531 3050 2646 3125 μὲν
2668 3046 2913 3126 ἄλλους
2932 3049 3193 3129 πάντας

702 3155 1077 3228 ἀπέλευσεν,
1128 3154 1244 3217 τὸν
1317 3156 1389 3217 δὲ
1445 3153 1694 3218 Ἰούδαν
1755 3154 1945 3233 ἔσχεν
2000 3153 2150 3232 παρ’
2210 3154 2405 3237 ἑαυτῇ
2458 3156 2560 3219 καὶ
2617 3157 3190 3237 μετακαλεσαμένη

704 3261 905 3326 αὐτὸν
949 3257 1143 3325 εἶπεν·
1174 3266 1347 3339 ζωῆς
1377 3262 1478 3323 καὶ
1508 3261 1792 3326 θανάτου
1835 3262 2290 3340 προκειμένων,
2322 3260 2495 3340 ὅριζε
2537 3262 2575 3325 ὃ
2608 3263 2826 3342 βούλει
2853 3265 2974 3341 τὴν
3005 3267 3191 3344 ζωὴν
3226 3264 3293 3314 ²⁸

704 3369 745 3448 ἢ
796 3369 913 3434 τὸν
962 3369 1257 3432 θάνατον.
1308 3367 1553 3446 Ἰούδας
1608 3369 1802 3444 λέγει·
1854 3369 1955 3430 καὶ
2010 3369 2127 3446 τίς,
2183 3370 2517 3443 δέσποινα,
2572 3370 2643 3434 ἐν
2691 3369 2921 3453 ἐρημίᾳ
2965 3370 3197 3451 ἀρτων

708 3478 1151 3556 προκειμένων
1173 3478 1397 3553 λίθους
1421 3474 1644 3551 ἐσθίει;
1667 3476 1706 3554 ἡ
1741 3479 1814 3540 δὲ
1843 3469 2040 3540 εἶπεν·
2065 3475 2177 3539 ἐὰν
2206 3475 2329 3540 οὖν
2358 3477 2575 3556 βούλει
2602 3477 2706 3541 καὶ
2725 3478 2826 3541 ἐπὶ
2846 3483 2972 3556 γῆς
2994 3483 3197 3558 ζῆσαι

707 3585 811 3650 καὶ
841 3584 910 3649 έν
938 3586 1200 3666 οὐρανῷ
1220 3584 1367 3648 ,εἰπέ
1395 3603 1529 3662 μοι·
1558 3586 1691 3669 ποῦ
1722 3584 1961 3663 ἐκρύβη
1993 3583 2030 3646 ὁ
2076 3581 2369 3663 σταυρὸς
2411 3588 2533 3649 τοῦ
2577 3585 2891 3664 Χριστοῡ;
2938 3585 3198 3667 Ἰούδας

706 3686 876 3769 ’λέγει
897 3693 953 3731 ⁸·
984 3694 1202 3771 καθὼς
1229 3692 1600 3771 περιέχουσι
1648 3692 1729 3754 τὰ
1773 3692 2218 3770 ὑπομνήματα,
2250 3693 2478 3757 λοιπὸν
2515 3692 2623 3772 ἔτη
2657 3694 2960 3757 διακόσια
2985 3696 3198 3759 πλέον

706 3797 748 3880 ἢ
781 3800 1079 3865 ἐλάσσω·
1109 3801 1286 3879 ἡμεῖς
1336 3800 1409 3862 δὲ
1433 3799 1569 3862 νέοι
1598 3798 1784 3875 ὄντες
1812 3802 1956 3876 πῶς
2001 3797 2329 3876 δυνάμεθα
2367 3803 2571 3862 ταῦτα
2612 3800 2877 3877 εἰδέναι;
2920 3799 2962 3878 ἡ
3010 3803 3201 3881 βασί-
3235 3799 3301 3852 30

709 3910 912 3972 λισσα
938 3908 1133 3985 λέγει·
1162 3910 1306 3984 πῶς
1333 3907 1481 3984 πρὸ·
1507 3902 1853 3970 τοσούτων
1882 3907 2125 3982 γενεῶν
2154 3905 2191 3968 ὁ
2219 3906 2503 3985 πόλεμος
2538 3906 2576 3969 6
2620 3910 3091 3988 συγκροτήσας
3122 3909 3203 3975 ἐν

710 4020 804 4099 τῷ
837 4015 992 4100 Ἰλίῳ
1016 4015 1043 4052 ⁹
1077 4015 1177 4078 καὶ
1216 4013 1450 4091 πάντες
1492 4011 1552 4077 οἱ
1593 4011 1974 4091 τεθνηκότες
2025 4012 2153 4076 ἐκεῖ
2201 4013 2709 4092 μνημονεύονται
2753 4017 2854 4079 καὶ
2899 4016 2962 4081 οἱ
2997 4017 3205 4083 τόποι

701 4117 935 4188 ἀὐτῶν
965 4124 1065 4186 καὶ
1095 4121 1155 4187 οἱ
1183 4121 1408 4200 τάφοι;
1439 4120 1691 4198 Ἰούδας
1707 4121 1900 4197 λέγει·
1930 4120 2220 4198 πάντως,
2245 4122 2584 4198 δέσποινα,
2608 4122 2738 4186 ἀπὸ
2770 4125 3206 4204 σύγγραμμά·

711 4252 866 4305 των,
915 4231 1094 4311 ἡμεῖς
1138 4232 1210 4293 δὲ
1253 4228 1375 4312 οὐκ
1418 4228 1645 4308 ἔχομεν
1687 4221 1758 4292 ἐν
1785 4233 2079 4311 γραπτῷ·
2111 4230 2149 4307 ἡ
2190 4230 2544 4306 βασίλισσα
2572 4231 2767 4306 λέγει·
2797 4232 2928 4310 πρὸ
2961 4232 3200 4310 ὀλίγου

717 4339 1152 4418 ὡμολόγησας
1170 4337 1221 4375 ¹⁰
1250 4337 1459 4421 ἑαυτῷ
1491 4336 1588 4400 ὅτι
1618 4335 2044 4415 ὑπομνήματά
2086 4336 2267 4400 εἰσιν.
2298 4336 2547 4414 Ἰούδας
2575 4337 2765 4413 λέγει·
2800 4339 3207 4419 στοχαζόμε-
3240 4339 3303 4390 3⁸

784 4522 807 4555 ²
835 4522 1044 4575 Μῶα
1067 4519 1131 4573 Α.
1153 4548 1209 4557 -
1232 4518 1256 4553 ¹
1276 4521 1589 4582 παῦλος·ο.;
1611 4535 1844 4572 com-‚ex
1864 4516 2015 4573 A.—
2036 4517 2062 4552 ⁸
2083 4519 2327 4586 supplevi
2347 4535 2416 4571 ex
2436 4520 2500 4572 A.
2519 4519 2724 4572 ,⁴53⁰
2746 4523 3208 4589 aeripeoebtoeov

717 4621 765 4660 c.
785 4632 854 4643 —
876 4604 900 4638 ⁸
919 4604 1265 4657 πιστεύοντα
1289 4617 1336 4656 e.
1358 4629 1427 4640 —
1447 4601 1575 4655 ‘ita
1596 4603 1804 4668 tempsi
1824 4619 1891 4655 a
1914 4603 1991 4664 A3
2024 4602 2327 4655 διεύτειλεν
2351 4616 2398 4654 c.
2425 4631 2492 4641 —
2516 4601 2539 4634 ⁷
2564 4600 2892 4668 ὀρεισθεῖσα
2915 4619 2979 4669 ο..
3003 4605 3210 4672 όργισ·

718 4689 881 4742 θεῖσα
903 4703 1046 4740 corr.
1069 4713 1136 4725 -
1157 4686 1181 4720 ⁸
1200 4693 1321 4753 poet
1343 4684 1492 4750 λέγει
1527 4700 1540 4738 :
1578 4685 1812 4747 πάντως
1851 4684 2124 4738 δέσποινα
2160 4683 2272 4737 ἀπὸ
2314 4685 2779 4750 συγγραμμάτων
2818 4685 2979 4752 ἡμεῖς
3003 4689 3066 4741 δὲ
3086 4689 3209 4744 οὐκ

687 4787 690 4790 ·
718 4771 918 4835 ἔχομεν
946 4769 1007 4822 ἐν
1028 4772 1270 4840 γραπτῷ
1305 4785 1373 4821 ex
1400 4783 1577 4832 corr.‚·
1597 4768 1768 4820 delevi
1775 4786 1798 4832 ,·
1826 4770 2054 4834 repetita
2093 4768 2235 4821 enim
2258 4774 2398 4820 eune-
2410 4774 2601 4834 poem
2623 4770 2764 4821 natis
2784 4777 3109 4837 onomate.
3133 4799 3213 4814 -

720 4853 745 4889 ⁸
767 4850 906 4920 ἡλίω
934 4868 996 4917 α,
1019 4868 1163 4905 corr.
1199 4867 1266 4904 ex
1287 4851 1352 4904 A.
1376 4876 1443 4889 —
1469 4849 1517 4884 ¹⁰
1539 4849 1906 4919 δμολόγησας
1929 4864 1976 4903 c.
