3487 5450
330 1098 356 1127 *
381 1097 418 1151 f.
439 1096 523 1150 26.

328 3575 357 3605 *¹
378 3573 414 3629 f.
435 3572 546 3634 26¹.

676 567 822 639 334-
1348 587 1929 639 HAGIOGRAPHIGA
1984 588 2484 640 cinnamum

676 782 975 841 sanctum
1007 776 1119 842 Dei
1149 778 1493 843 Albertum
1524 777 1743 843 devoti
1771 777 2058 855 visitant,
2087 777 2247 842 nudi
2277 782 2342 843 et
2377 777 2753 857 discalciati,
2783 780 3156 863 ingentibus

674 875 954 941 lacrimis
978 882 1042 942 et
1071 878 1307 960 gaudio
1338 898 1576 943 narem
1604 878 1954 943 offerentes
1984 880 2049 941 et
2077 876 2327 960 reliqua
2356 897 2527 960 quae
2559 878 2652 943 eis
2681 887 3154 963 superaverant

678 976 984 1040 [ratribus
1014 978 1166 1042 dicti
1193 982 1569 1043 conventus.

759 1084 873 1141 33.
900 1079 931 1115 *
958 1077 1028 1141 In
1050 1078 1243 1159 plaga
1259 1080 1348 1161 (1)
1370 1096 1645 1142 romana
1668 1076 1789 1141 illis
1816 1076 2221 1158 temporibus
2245 1080 2386 1141 erat
2408 1077 2674 1160 insuper
2695 1079 2884 1143 navis
2903 1079 3159 1164 Trapa·

678 1176 895 1239 nensis
926 1177 991 1239 in
1022 1176 1236 1241 medio
1259 1177 1458 1242 maris
1488 1177 1739 1242 habens
1768 1180 2005 1240 nautas
2034 1175 2295 1240 luxores
2321 1180 2385 1239 et
2415 1176 2625 1241 Deum
2655 1182 2854 1260 atque
2889 1185 3157 1247 sanctos
3191 1195 3223 1243 ι
3359 1206 3364 1210 ·

676 1274 1228 1357 blasphemantes.
1257 1276 1337 1341 Et
1382 1295 1532 1341 cum
1569 1276 1659 1340 sic
1701 1293 2008 1358 perverse
2052 1279 2339 1357 agerent,
2372 1275 2580 1340 factus
2609 1280 2710 1341 est
2738 1283 2974 1344 ventus
3003 1299 3160 1345 con-

681 1375 915 1438 trarius
938 1375 1078 1453 illis,
1101 1377 1286 1441 navis
1307 1375 1607 1441 fluctibus
1631 1376 1933 1458 agitatur,
1958 1373 2176 1438 velum
2208 1374 2542 1457 frangitur,
2564 1394 2804 1441 ancore
2825 1377 3156 1458 deficiunt,

681 1474 1219 1558 naufragiumque
1251 1476 1496 1540 evitare
1524 1477 1878 1557 nequeunt.
1906 1476 2042 1539 Aer
2078 1473 2487 1552 tenebrescit,
2532 1474 2754 1558 pluvia
2794 1476 3029 1542 crescit
3067 1483 3156 1557 et,

677 1577 872 1637 vento
901 1575 1314 1652 ascendente,
1344 1575 1531 1658 quasi
1572 1574 2097 1657 submerguntur.
2128 1574 2431 1655 Religiosi
2469 1573 2599 1640 duo
2630 1574 3158 1644 Carmellitarum

677 1673 920 1737 ordinis
951 1674 1341 1740 adsistentes
1369 1675 1692 1739 advocare
1719 1694 1855 1739 non
1875 1672 2198 1738 desistunt
2229 1673 2497 1737 beatum
2517 1674 3162 1754 Albertum,omnes-
3196 1690 3260 1741 ιο

594 1767 599 1771 ’
680 1791 806 1854 que
838 1773 922 1836 ad
952 1773 1075 1837 hoc
1098 1778 1505 1856 promovent.
1522 1773 1818 1856 Cumque
1841 1793 1994 1838 eum
2013 1773 2374 1837 clamarent
2395 1774 2626 1850 cuncti,
2649 1774 3159 1857 supplicantium

679 1876 835 1936 vota
864 1878 1260 1954 promenteS,
1290 1874 1376 1939 ad
1403 1874 1617 1940 locum
1646 1873 1969 1956 naufragii
1996 1872 2367 1949 deveniunt,
2396 1873 2845 1957 unusquisque
2887 1875 3162 1941 confite-

682 1974 786 2034 tur
809 1973 1001 2036 morti
1026 1972 1396 2055 dispositus,
1418 1973 1729 2038 fratribus
1751 1972 2240 2055 predicantibus
2269 1972 2535 2036 eisdem.
2565 1972 2729 2038 Eece
2749 1974 2938 2039 navis
2966 1976 3161 2058 quasi

681 2070 962 2152 maligno
994 2073 1222 2155 spiritu
1252 2072 1681 2138 submictitur.
1709 2073 1896 2137 Tunc
1923 2073 2022 2136 vir
2051 2070 2168 2135 Dei
2210 2071 2518 2136 Albertus
2547 2073 2767 2155 sepius
2792 2073 3160 2142 advocatus

680 2169 908 2248 adfuit,
939 2173 1030 2235 eis
1063 2192 1389 2255 apparens
1422 2172 1491 2237 in
1516 2172 1785 2256 propria
1819 2171 2030 2253 effigie
2067 2171 2133 2235 in
2160 2172 2377 2236 medio
2405 2172 2688 2237 duorum
2728 2171 3052 2240 luminum
3093 2181 3161 2241 et
3195 2194 3262 2246 η

683 2272 868 2356 quasi
890 2272 1071 2335 vultu
1094 2272 1304 2354 angeli
1327 2272 1793 2346 corruscantis;
1817 2271 2038 2354 sicque
2066 2270 2156 2336 ad
2178 2291 2290 2336 eos
2313 2271 2701 2354 alloquitur:
2729 2271 3162 2357 Blasplnemiis

679 2372 970 2435 diabolus
998 2372 1357 2454 mortificat,
1386 2371 1563 2437 Deus
1591 2378 1800 2435 autem
1830 2373 2070 2435 meritis
2106 2371 2396 2450 vivificat.
2424 2370 2611 2437 Tunc
2646 2372 3160 2453 genuflectentes

682 2475 749 2536 et
794 2476 1127 2554 gementes
1158 2473 1342 2538 aiunt
1371 2496 1387 2537 ε
1428 2471 1527 2536 Tu
1552 2492 1695 2556 erqo
1722 2471 1942 2534 divina
1978 2473 2195 2553 qratia
2225 2469 2422 2535 libera
2450 2491 2582 2536 nos.
2612 2470 2737 2549 Qui
2770 2473 3113 2555 respondit
3143 2498 3161 2541 :

685 2568 1081 2652 Confitemae'ni
1108 2576 1164 2634 et
1203 2569 1411 2634 Deum
1435 2569 1803 2653 ylorIficote.
1831 2567 1913 2633 Et
1941 2588 2089 2633 cum
2127 2568 2252 2632 hoc
2291 2568 2581 2648 dixisset,
2610 2570 2787 2635 visus
2817 2575 2917 2635 est
2948 2571 3163 2638 colum

682 2669 1056 2748 ascendere,
1088 2669 1389 2754 factaque
1418 2674 1521 2735 est
1549 2688 1790 2751 magna
1811 2668 2245 2752 tranquillitas
2272 2668 2341 2734 in
2368 2668 2556 2747 mari,
2585 2669 2981 2754 demonique
3012 2670 3169 2756 fuga
3200 2696 3270 2751 2⁰
3337 2670 3348 2683 '

684 2771 901 2836 datur.
936 2769 1256 2836 Omnibus
1282 2769 1653 2836 videntibus
1696 2770 1944 2851 mugito
1972 2768 2279 2834 laborans
2312 2774 2548 2834 ventus
2595 2789 2873 2854 prosper
2919 2772 3167 2839 conflat
3208 2823 3213 2826 .

684 2875 752 2935 et
802 2872 887 2936 ad
945 2876 1206 2953 portum
1256 2865 1568 2936 Pisanum
1627 2888 1739 2934 eos
1796 2869 2106 2951 gaudiose
2153 2868 2473 2951 perducit,
2528 2869 2644 2934 ubi
2685 2871 3165 2939 mii-aculeum

684 2970 1024 3052 predicant
1058 2970 1533 3036 liberationem.
1826 2979 1829 2982 ’

771 3077 891 3136 34.
938 3071 1132 3135 Anno
1181 3068 1442 3134 Domini
1481 3067 2017 3134 M⁰CCC⁰LXHII⁶
2057 3067 2360 3133 dominus
2408 3087 2545 3134 rex·
2573 3068 2942 3148 FedericuS,
2981 3071 3163 3155 ‘regis

682 3169 861 3234 Petri
910 3169 1077 3234 filius
1126 3170 1308 3252 regni
1356 3168 1587 3245 Sicilie,
1630 3167 2011 3234 infirmitate
2059 3168 2318 3231 mortali
2364 3172 2699 3252 gravatur,
2748 3168 2842 3233 ita
2891 3171 3071 3253 quod
3121 3190 3166 3237 a
3197 3194 3272 3249 a

684 3269 953 3334 medicis
974 3273 1270 3334 mortuus
1294 3273 1395 3336 est
1423 3268 1800 3351 deputatus.
1847 3266 2326 3349 Consanguinei
2348 3267 2567 3350 ipsum
2586 3272 2909 3335 voverunt
2928 3269 3165 3350 ordini,
3227 3349 3230 3352 Α

682 3368 980 3434 videlicet
1032 3368 1206 3452 quod
1255 3368 1558 3434 habitum
1605 3367 1805 3433 ferret
1852 3360 2062 3431 tribu‘s
2104 3365 2313 3445 anniS,
2351 3367 2410 3443 ⁴si
2439 3365 2616 3432 Deus
2659 3387 2810 3433 eum
2850 3369 3166 3437 liberaret

633 3557 639 3563 ι
684 3468 930 3534 meritis
971 3468 1163 3533 huius
1201 3468 1381 3533 beati
1421 3467 1696 3533 Alberti.
1741 3466 1958 3549 Super
1999 3483 2156 3530 eum·
2194 3466 2540 3550 imponunt
2568 3466 2720 3532 dicti
2763 3469 2975 3533 sancti
3014 3468 3167 3535 reli-

685 3567 891 3650 quiaS,
912 3588 1156 3651 aquam
1177 3571 1424 3633 tactam
1446 3567 1634 3633 dictis
1654 3565 1941 3650 reliquiis
1963 3566 2374 3631 tradiderunt
2395 3570 2432 3607 ¹⁸¹
2455 3566 2515 3631 ei
2535 3566 2918 3650 potandam.
2936 3564 3163 3646 'Quam

685 3686 831 3731 cum
876 3671 1191 3750 potasset,
1242 3671 1685 3750 cognovth
1732 3665 2186 3731 medicinalem
2234 3666 2433 3731 fuisse
2482 3685 2600 3731 sue
2648 3666 2899 3732 salutis.
2937 3666 3020 3732 Et
3068 3668 3168 3733 aie
3203 3688 3279 3746 a

684 3767 971 3832 secunda
996 3767 1102 3832 die
1130 3768 1443 3832 liberatus
1471 3766 1556 3832 de
1584 3766 1752 3831 lecto
1781 3766 2073 3850 prosiliit,
2104 3768 2331 3830 votum
2376 3764 2720 3831 confirmat
2762 3770 2831 3831 et
2857 3765 3166 3836 habitum

682 3866 952 3948 protulit
1000 3866 1324 3949 aliquibus
1374 3865 1625 3943 diebus,
1681 3866 2044 3931 secundum
2091 3864 2389 3930 ordinem
2439 3865 2890 3947 dispensatum
2934 3867 3049 3950 (2),
3078 3885 3164 3934 eo

684 3968 862 4051 quod
892 3986 1168 4049 magnus
1197 3970 1264 4030 et
1307 3966 1716 4031 coronandus
1761 3969 1936 4030 esset
1978 3966 2046 4029 in
2086 3984 2329 4046 regem,
2378 3969 2534 4029 ante
2582 3969 2843 4048 tempus
2893 3965 3165 4046 dimisit,

683 4068 833 4133 licet
863 4084 1123 4149 semper
1151 4071 1453 4135 sanctum
1475 4065 1591 4130 Dei
1621 4066 1688 4130 in
1714 4065 2076 4130 maximam
2097 4063 2402 4129 habuerit
2431 4064 2847 4130 devotionem
2875 4064 2986 4146 (3)

773 4175 890 4233 35.
935 4168 1127 4230 Anno
1171 4165 1429 4230 Domini
1478 4163 2018 4230 MocccoLXXVo
2072 4164 2139 4227 in
2195 4164 2457 4228 civitate
2510 4164 2864 4244 Panormii,
2907 4166 3162 4246 iuvenis
3201 4186 3280 4243 3⁸

685 4267 957 4351 quidam
985 4265 1331 4349 ydropicus
1373 4284 1525 4330 cum
1565 4264 1752 4352 omni
1781 4267 2171 4347 paupertate
2198 4268 2558 4346 urgeretur,
2588 4268 2803 4328 mater
2830 4264 3166 4332 medicum

684 4368 931 4432 habere
982 4352 1228 4448 nequit,
1280 4369 1344 4429 et
1394 4364 1486 4430 sic
1527 4363 1907 4429 infirmitate
1955 4363 2156 4428 nimia
2207 4365 2625 4444 gravabatur.
2656 4362 2918 4445 Cogitat
2944 4370 3169 4431 mater
3233 4397 3246 4405 ·

685 4465 864 4549 apud
933 4485 1005 4529 se
1076 4465 1162 4529 ad
1234 4464 1558 4529 medicum
1592 4463 1856 4528 'salutis
1930 4481 2295 4541 recurrere,
2338 4520 2346 4528 .
2377 4461 2618 4528 scilicet
2695 4461 2783 4527 ad
2857 4469 3167 4531 sanctum

686 4565 1051 4629 Albertum.
1082 4564 1161 4628 Et
1190 4565 1281 4628 sic
1309 4567 1493 4628 stans
1521 4567 1676 4628 ante
1705 4563 1909 4646 pedes
1937 4561 2256 4646 ymaginis
2298 4562 2520 4644 ipsiuS,
2564 4562 2672 4645 pie
2698 4563 2792 4628 sic
2821 4582 2972 4628 eum
3003 4563 3169 4631 allo-

690 4666 945 4747 quitur:
979 4664 1032 4727 0
1052 4664 1217 4727 beate
1246 4663 1513 4744 Alba-te,
1533 4664 1661 4726 scio
1683 4664 1837 4748 quia
1866 4663 2111 4726 amicus
2138 4660 2259 4725 Dei
2277 4682 2358 4740 es,
2387 4668 2445 4726 et
2471 4664 2599 4726 tuis
2625 4664 2868 4727 meritis
2897 4664 3171 4730 interco-
3201 4682 3280 4740 ιο

754 4965 828 5031 (l)
851 4965 1037 5017 Platea
1063 4969 1112 5018 3.
1138 4993 1201 5002 —
1225 4965 1297 5029 (2)
1323 4965 1688 5032 Dis-pensam
1705 4968 1752 5016 1.
1781 4992 1837 5001 -
1863 4962 1937 5030 (3)
1970 4937 2050 5028 (eo
2069 4964 2212 5031 quod
2233 4990 2252 5001 ·
2276 4962 2623 5029 devotionem)
2642 4977 2754 5017 om.
2778 4968 2828 5018 1.
