3487 5450
1234 644 1587 699 APpmmlx
1631 645 1833 700 xvm.
2664 628 2800 702 181

331 836 776 902 introeuntem
832 838 897 900 et
939 854 1086 901 sese
1141 834 1500 902 durissimis
1552 837 1875 904 lacessere
1929 838 2606 922 transpunctionibus3
2635 858 2809 923 quae

334 937 648 1020 stigmata
689 933 924 1001 eodem
957 939 1292 1001 momento
1332 938 1705 1020 praetendit
1746 937 1969 1004 videre
1996 938 2384 1005 volentibus.
2413 937 2607 1018 Quod
2648 939 2810 1005 dum

333 1035 680 1102 confestim
734 1035 1145 1100 nuntiaretur
1205 1036 1704 1119 congregationi,
1761 1038 2134 1121 vespertino
2190 1037 2403 1103 officio
2458 1038 2810 1120 insudanti,

334 1155 490 1202 mox
540 1134 868 1218 completa
920 1134 1170 1217 synaxi,
1240 1136 1565 1202 manibus,
1599 1156 1900 1203 sororum
1977 1138 2234 1204 ducitur
2286 1138 2375 1203 ad
2428 1139 2809 1219 oratorium,

266 1254 299 1300 a
332 1235 630 1300 oratione
660 1253 890 1299 earum
931 1233 1236 1309 iuvanda,
1267 1254 1546 1317 quarum
1579 1235 1844 1302 servitio
1871 1236 2031 1302 talia
2052 1238 2081 1277 ⁵
2104 1240 2247 1302 erat
2287 1256 2623 1321 perpessa.
2664 1235 2810 1316 Quo

336 1334 497 1400 dum
545 1334 885 1399 subnixius
906 1334 934 1372 ⁶
980 1333 1258 1399 Domino
1301 1338 1377 1399 et'
1409 1335 1681 1418 martyri
1724 1335 2220 1420 supplicassent,
2261 1336 2607 1401 curvedine
2635 1356 2815 1402 reso-

333 1434 495 1514 luta,
544 1433 881 1499 oculorum
928 1433 1084 1498 inibi
1141 1437 1241 1498 est
1297 1433 1441 1499 visu
1495 1434 1811 1501 frustrata
1866 1455 1946 1501 ac
2004 1435 2304 1514 eandem,
2363 1455 2564 1519 quam
2629 1436 2812 1520 prius

335 1553 676 1612 manuum,
707 1532 1123 1616 conqueritur
1136 1532 1163 1570 ‘¹
1189 1533 1523 1598 oculorum
1564 1523 2006 1617 punctionem.
2035 1534 2211 1600 Inter
2238 1535 2403 1600 haec
2436 1535 2629 1600 altari
2662 1554 2817 1618 pro-

336 1634 652 1700 sternitur
680 1637 747 1699 et
773 1652 894 1716 pro
923 1633 1060 1698 eius
1089 1632 1347 1698 medela
1375 1633 1728 1701 studiosius
1773 1635 2195 1718 supplicatur.
2218 1634 2475 1701 Interea
2502 1635 2816 1718 conspicit

233 1747 304 1799 ω
338 1738 611 1817 aspectu
663 1732 935 1817 spiritali
983 1731 1381 1815 praelibatos
1423 1734 1711 1799 seniores
1754 1734 1984 1800 abside
2025 1735 2520 1814 circumeuntes,
2578 1734 2819 1800 librum

342 1852 618 1899 aureum
659 1852 820 1916 prae
849 1832 1152 1897 manibus
1180 1836 1502 1915 gerentes
1551 1833 1649 1898 Ex
1677 1834 1916 1917 quibus
1944 1853 2115 1899 unus
2159 1834 2512 1900 venerandi
2553 1833 2818 1899 habitus

340 1933 592 1999 Iuvenis
620 1932 939 1998 accedens
969 1932 1404 2015 quantitatem
1429 1931 1805 2005 tabularum
1834 1933 2256 2016 graphiorum
2280 1952 2401 2000 nec
2420 1953 2554 2018 non
2576 1937 2643 1999 et
2662 1952 2819 1999 acus

339 2031 733 2115 longissimis
775 2030 899 2096 filis
927 2031 1192 2114 ingestis
1221 2032 1456 2110 ferens,
1486 2050 1651 2114 quos
1678 2032 1966 2097 retexuit
1989 2032 2057 2097 in
2083 2031 2403 2097 nataliciis
2443 2036 2823 2098 sanctorum

344 2150 491 2197 esse
532 2131 796 2196 abusos.
839 2129 1053 2209 Quem
1094 2129 1221 2205 ina,
1264 2129 1677 2195 audientibus
1720 2130 2024 2196 omnibus
2067 2131 2541 2213 praesentibus,
2591 2131 2682 2197 sic
2720 2133 2822 2197 est

239 2251 307 2303 η
343 2229 550 2296 affata
579 2251 598 2294 τ
636 2230 792 2311 Cur,
811 2230 1131 2313 inquiens,
1160 2229 1453 2293 domine⁸
1477 2228 1613 2293 Deo
1634 2229 1840 2315 dique,
1880 2250 1977 2294 me
2003 2230 2202 2294 solam
2225 2236 2551 2294 tantorum
2570 2230 2825 2295 voluisti

343 2330 577 2395 solvere
593 2328 856 2413 pondus
882 2329 1178 2393 scelernm
1201 2328 1236 2392 ?
1259 2327 1381 2393 Cui
1402 2327 1506 2392 ille
1527 2329 1619 2393 ait
1652 2351 1668 2395 ε
1700 2329 1871 2409 Quia
1891 2328 1993 2394 his
2012 2327 2380 2411 cohaerebis,
2402 2349 2564 2415 quae
2591 2336 2825 2394 norunt

344 2437 402 2495 d
427 2431 608 2514 ipsae
634 2428 822 2511 nefas
849 2428 1167 2493 declinare
1202 2434 1258 2491 et
1301 2428 1463 2492 ale‘os
1491 2426 1832 2512 proh-ibere,
1858 2429 1998 2492 ideo
2033 2435 2089 2493 te
2130 2428 2348 2493 ‚uacuis
2377 2430 2445 2491 a'n
2471 2429 2824 2513 exemplum

345 2529 660 2594 constitui.
702 2527 945 2593 Verum
993 2529 1118 2593 hac
1160 2527 1475 2592 caecitate
1532 2527 1778 2593 afflicta
1798 2527 1827 2565 ⁹
1874 2527 2004 2592 illic
2057 2532 2161 2593 est
2212 2527 2438 2593 relicta
2506 2529 2826 2594 caenandi

346 2628 592 2712 gratia;
660 2628 993 2692 sororibus
1061 2646 1361 2691 mensam
1411 2626 1826 2706 adeuntibus,
1895 2627 2041 2709 ipsa
2106 2646 2358 2710 pernox
2412 2627 2483 2693 in
2542 2627 2828 2694 oratorio

240 2749 313 2800 ιο
345 2748 627 2796 manens
671 2728 978 2810 martyris
1022 2725 1336 2792 auxilium
1379 2727 1692 2792 attentius
1741 2725 2158 2810 implorabat.
2211 2727 2347 2793 Sed
2387 2729 2686 2811 sequenti
2722 2728 2829 2795 die

344 2830 718 2896 lucescente
741 2831 808 2892 et
826 2827 1082 2910 primae
1114 2826 1318 2892 horae
1351 2826 1533 2909 signo
1549 2827 1928 2904 insonante,
1961 2825 2196 2892 eadem
2227 2826 2483 2892 ducitur
2506 2827 2594 2892 ad
2619 2826 2828 2893 altare

349 2927 682 2994 oblatione
727 2925 1058 2991 candelae.
1100 2925 1274 2990 Tum
1314 2925 1527 3008 gratia
1565 2925 1826 2991 divinae
1864 2925 2304 3001 ⁴miserationis
2352 2926 2442 2991 illi
2486 2926 2674 2991 affuit
2710 2945 2831 3009 per

349 3026 737 3116 suffragium
776 3025 1101 3108 martyriS,
1132 3025 1242 3108 qui
1283 3024 1373 3089 illi
1413 3024 1719 3108 apparuit
1750 3025 1987 3090 iterato
2029 3025 2246 3107 priore
2265 3025 2318 3064 ¹⁰
2353 3026 2604 3105 habitu,
2644 3024 2832 3105 libro,

351 3146 554 3211 quem
602 3124 1052 3208 praetulimus,
1089 3127 1455 3207 praetentO,
1518 3128 1585 3189 et
1624 3124 1820 3189 tertio
1849 3124 1916 3189 in
1951 3124 2188 3189 faciem
2228 3117 2830 3208 comploso,'lumen

246 3243 317 3293 τε
347 3222 637 3290 reddidit
663 3222 940 3288 orbatae
969 3222 1070 3286 sui
1097 3222 1378 3287 nominis
1406 3241 1526 3305 pro
1555 3222 2040 3304 glorificatione.

435 3330 508 3388 4.
547 3321 802 3404 Nempe
829 3321 1164 3386 redeuntis
1193 3321 1348 3385 anni
1377 3321 1710 3399 curriculo,
1739 3321 1809 3387 in
1837 3322 2120 3405 coquina
2146 3321 2505 3400 earundem
2532 3341 2833 3388 sororum

353 3423 647 3507 quidam,
669 3421 933 3487 nomine
962 3421 1311 3505 Megingoz,
1333 3441 1498 3504 puer
1539 3421 1746 3487 cultro
1790 3422 2113 3488 lanificino
2155 3422 2374 3487 nescio
2417 3423 2574 3506 quid
2611 3422 2837 3489 inutile

351 3522 632 3600 findens,
655 3521 1074 3586 incurvedine
1102 3520 1393 3586 horribili
1422 3540 1657 3586 manus
1679 3521 1961 3586 inhaesit
1989 3541 2067 3587 ac
2110 3521 2507 3607 firmitudine
2535 3521 2836 3588 mirabili.

354 3621 484 3701 Qui
513 3620 857 3686 confestim
884 3621 1054 3685 inter
1080 3618 1428 3684 sollemnes
1472 3621 1711 3685 missae
1739 3621 1937 3687 horas
1957 3623 1999 3700 ¹,
2029 3621 2200 3687 facto
2243 3620 2606 3700 luminariO,
2637 3621 2840 3687 eccle·

247 3737 322 3788 ³0
354 3722 527 3787 siam
556 3719 892 3785 sanandus
918 3719 1212 3797 accessit,
1235 3722 1301 3783 et
1329 3719 1453 3783 sub
1477 3724 1813 3784 momento
1842 3739 2041 3785 sanus
2068 3720 2354 3784 recessit.

445 3828 515 3884 5.
563 3818 847 3902 Dignum
875 3821 976 3883 est
1019 3817 1249 3882 haberi
1273 3818 1296 3856 ¹
1324 3819 1660 3896 memoria,
1690 3837 1863 3901 quae
1884 3818 1911 3856 ²
1939 3837 2059 3900 pro
2094 3819 2194 3883 sui
2222 3819 2502 3884 nominis
2528 3818 2732 3901 gloria
2759 3836 2839 3883 ac

360 3919 486 3984 sibi
515 3937 671 3984 cara
690 3921 1070 3983 sanctorum
1090 3916 1328 3982 merita
1349 3935 1426 3982 eo
1447 3918 1610 4000 ipsc,
1634 3936 1764 4000 quo
1792 3917 1956 3983 haec
1985 3921 2171 4000 gesta
2191 3922 2362 3995 sunt,
2384 3937 2558 3983 anno
2579 3918 2839 4000 operari

361 4022 467 4083 est
511 4019 781 4100 dignata
824 4035 1111 4100 superna
1158 4016 1520 4081 clementia.
1578 4016 1881 4099 Namque
1939 4016 2044 4082 die
2094 4037 2223 4081 xnn
2278 4017 2403 4082 kal.
2459 4017 2612 4093 mai,
2677 4016 2840 4082 feria

363 4117 653 4184 secunda
693 4120 847 4201 post
880 4116 1128 4200 pascha
1169 4113 1573 4192 annotinum,
1597 4115 1926 4200 quaedam
1956 4116 2199 4199 collega
2219 4116 2247 4154 ⁸
2274 4136 2590 4192 sororum,
2619 4119 2841 4181 aetate

252 4233 323 4285 35
360 4217 634 4295 iuvenis,
657 4216 925 4281 nomine
946 4215 1411 4293 Erchanhildis,
1430 4214 1588 4279 dum
1607 4216 2085 4280 communicato
2108 4215 2332 4280 labore
2351 4215 2840 4281 nocturnalibus

360 4318 715 4383 interesset
771 4315 1019 4398 vigiliis,
1075 4314 1198 4397 ipsi
1267 4314 1554 4398 primum
1620 4315 2105 4398 responsorium
2176 4315 2542 4380 decernitur
2603 4313 2843 4379 decan-

360 4416 667 4482 tandum.
694 4413 890 4492 Quod
931 4414 1089 4478 dum
1132 4413 1480 4478 efficaciter
1520 4414 1887 4497 complevit,
1929 4433 2215 4491 scamn0,
2244 4419 2317 4478 ut
2345 4414 2528 4497 prius
2566 4413 2840 4492 solebat,

362 4515 632 4583 resedit.
662 4514 842 4591 Post,
874 4513 1032 4578 dum
1075 4516 1174 4579 est
1199 4517 1589 4595 perventum
1623 4531 1753 4595 quo
1784 4513 1978 4577 tertia
2015 4512 2203 4578 lectio
2244 4532 2456 4595 paene
2498 4512 2841 4578 duceretur

365 4616 463 4683 ad
508 4619 900 4692 extremum,
948 4613 1152 4696 ipsius
1195 4631 1276 4676 ex
1331 4612 1609 4677 adverso
1663 4612 1734 4676 in
1783 4611 1990 4677 altero
2039 4613 2237 4677 choro
2277 4615 2648 4678 constructo
2674 4612 2843 4677 ostio

365 4802 444 4814 —
458 4773 484 4809 ⁸
503 4775 632 4828 add.
653 4790 778 4840 cup.
799 4774 897 4825 lin.
915 4772 982 4826 L.
1001 4799 1064 4810 —
1086 4770 1114 4805 ⁸
1128 4770 1396 4824 subnixus
1422 4771 1485 4823 L.
1501 4797 1570 4810 —
1593 4769 1615 4803 ⁷
1631 4769 1764 4823 dum
1789 4770 2037 4839 queritur
2059 4771 2208 4824 codd.
2233 4798 2293 4808 —
2317 4770 2343 4804 ⁸
2362 4770 2596 4824 Domino
2621 4770 2769 4824 Lm.
2785 4794 2849 4808 -

370 4858 401 4892 θ
418 4855 489 4921 (e.
521 4857 591 4918 ι.)
615 4857 843 4909 caecata
865 4855 929 4908 L.
959 4885 1018 4896 -
1055 4854 1103 4888 ¹⁰
1116 4852 1285 4921 priori
1310 4852 1458 4906 L.M.

443 4939 507 4992 4.
532 4967 595 4978 -
617 4936 855 5002 ¹(m.h.)
878 4954 1105 4991 comem
1128 4935 1322 4988 missas
1349 4936 1418 4988 H.

447 5021 594 5074 5..-
617 5020 639 5055 ²
662 5019 872 5073 babere
893 5019 974 5073 Π.
996 5046 1062 5057 -
1083 5018 1109 5053 ¹
1129 5018 1263 5087 quit
1293 5018 1360 5072 L.
1382 5016 1889 5087 —⁸de(add.up.
1912 5018 2033 5082 un.)
2056 5016 2367 5086 collegioL.
