3487 5450
332 764 421 820 ¹⁶1.
442 764 553 820 w.

334 3372 531 3429 *aa

692 546 837 621 332
1368 564 1949 618 nae-mammea
1999 564 2498 618 canusinum

775 764 901 823 29.
929 758 965 797 *
987 757 1180 822 Anno
1202 755 1460 821 Domini
1483 753 2097 837 21⁰Ccc⁰11110(1)in
2117 754 2379 820 civitate
2390 754 2817 838 Agrigentina
2837 756 3173 838 quaedam

686 857 919 923 nobilis
968 855 1234 921 domina
1275 856 1343 920 in
1384 853 1673 920 mamilla
1714 852 2141 919 incurabilem
2179 852 2429 937 patitur
2473 851 2923 920 infirmitatem
2977 857 3171 921 annis

686 957 918 1022 tribus.
953 956 1032 1022 Et
1061 975 1213 1021 cum
1247 975 1318 1020 se
1347 955 1774 1020 convertisset
1816 954 1904 1020 ad
1945 953 2066 1019 Dei
2106 954 2318 1019 virum
2344 952 2710 1033 Albertum,
2739 954 2977 1020 devote
3018 975 3174 1039 pro—

686 1057 960 1121 mictens
991 1055 1339 1139 imaginem
1368 1055 1620 1137 argenti
1651 1054 1791 1119 fieri
1829 1054 1920 1138 (Ξ)
1956 1058 2023 1119 et
2072 1059 2207 1119 tres
2247 1072 2575 1137 pauperes
2616 1053 2854 1119 fratres
2894 1054 3171 1120 induere

686 1157 773 1222 ad
794 1156 1109 1221 honorem
1143 1154 1415 1238 Virginis
1442 1154 1646 1220 Marie
1669 1157 1735 1220 et
1764 1155 1866 1219 sui
1889 1153 2201 1230 nominis;
2228 1153 2380 1218 inde
2402 1153 2489 1218 ad
2509 1172 2755 1237 paucos
2783 1154 2924 1219 dies
2943 1156 3171 1221 omnia
3209 1168 3238 1217 ..τ

685 1255 1000 1339 adimplet
1038 1259 1103 1321 et
1144 1259 1484 1338 perpetuo,
1517 1253 1834 1338 quamdiu
1881 1253 2152 1331 viveret,
2179 1253 2509 1336 promictit
2558 1254 2919 1319 annuatim.
2961 1254 3170 1320 Nocte

685 1354 984 1438 sequenti
1012 1355 1338 1438 sopniavit
1360 1355 1539 1438 quod
1565 1353 1859 1419 medicus
1888 1352 2158 1437 quidam
2184 1352 2310 1418 sibi
2330 1352 2574 1418 diceret
2587 1353 2710 1435 (3):
2734 1352 2833 1418 De
2852 1354 2981 1418 oleo
3004 1354 3171 1418 lam-

675 1454 874 1540 padis
900 1458 1106 1519 sancti
1132 1452 1378 1519 Albani
1408 1453 1760 1518 'nantillam
1800 1473 2101 1537 perunye,
2129 1454 2186 1516 si
2226 1453 2562 1517 sanitatem
2607 1454 2807 1536 cupis·
2841 1451 2985 1532 Que
3014 1473 3168 1519 cum

685 1555 1093 1632 surrexisset,
1122 1553 1359 1619 devote
1399 1552 1721 1636 capellam
1762 1552 1972 1617 sancti
2003 1551 2249 1616 Alberti
2278 1551 2499 1630 intrat,
2528 1551 2907 1635 suppliciter
2949 1553 3167 1635 ipsum

686 1654 1020 1719 exorando
1047 1657 1122 1718 ut
1148 1654 1429 1736 gratiam
1469 1652 1719 1735 petenti
1757 1655 2026 1735 prestet.
2054 1650 2135 1716 Et
2175 1670 2519 1717 assumens
2558 1650 2776 1716 oleum
2817 1651 3164 1735 lampadis,
3202 1667 3266 1717 w

686 1752 1047 1823 mamillam
1110 1752 1472 1836 peruncxit,
1529 1752 1933 1834 missamque
1994 1750 2063 1816 in
2124 1751 2441 1816 honorem
2497 1770 2687 1816 suum
2744 1751 3018 1816 audivit.
3083 1752 3166 1817 Et

685 1871 835 1917 cum
865 1851 1134 1917 domum
1163 1854 1622 1924 reverteretur,
1651 1849 2014 1915 mamillam
2043 1848 2450 1914 consortibus
2489 1868 2639 1915 cum
2666 1849 2904 1932 gaudio
2930 1851 3163 1933 pandit

684 1952 865 2016 omni
927 1951 1184 2016 defectu
1255 1950 1633 2015 obnoxiam.
1706 1949 2029 2032 Deinceps
2099 1947 2558 2014 honestissima
2618 1952 2847 2014 votum
2901 1969 3165 2034 semper

684 2050 999 2133 implevit.

766 2159 886 2217 30.
912 2151 1158 2216 Eodem
1188 2169 1362 2214 anno
1383 2149 1524 2214 ΠΡ
1545 2148 1691 2214 idus
1719 2148 1978 2230 augusti
1999 2147 2234 2212 fratres
2254 2152 2612 2213 conventus
2637 2146 2854 2213 Placie
2874 2168 3163 2224 comme-
3205 2164 3266 2213 ω

683 2251 1113 2319 morationem
1157 2254 1225 2315 et
1265 2247 1758 2314 venerationem
1785 2246 1995 2313 sancti
2021 2246 2273 2312 Alberti
2302 2251 2570 2329 agentes
2599 2247 2692 2329 (4)
2728 2266 2928 2314 causa
2964 2249 3166 2315 devo-

681 2348 875 2414 tionis
939 2353 1005 2414 et
1066 2348 1293 2431 populi
1355 2346 1762 2424 confluentis,
1825 2345 2121 2412 diabolus
2191 2345 2502 2412 invidiam
2570 2347 2771 2430 gignit
2833 2348 2902 2413 in
2964 2349 3164 2415 corde

683 2447 1119 2532 quorumdam
1148 2448 1547 2523 clericorum,
1579 2447 1691 2530 qui
1717 2446 2187 2511 ordinaverunt
2222 2447 2515 2512 eiusdem
2555 2447 2928 2531 ymaginem
2968 2454 3164 2516 nocte

681 2548 978 2632 sequenti
1001 2547 1358 2613 annullare.
1381 2546 1462 2612 Et
1491 2566 1642 2611 cum
1670 2546 1795 2611 hoc
1829 2545 2226 2622 ordinarent,
2256 2545 2523 2629 quidam
2551 2546 2815 2612 nomine
2844 2547 3162 2613 Buonior-

680 2666 804 2713 nus
826 2645 1159 2731 paralisim
1181 2648 1440 2731 patiens
1463 2645 1599 2711 fere
1621 2646 1810 2710 annis
1838 2644 2039 2711 XIIcim
2066 2645 2133 2710 in
2151 2643 2319 2709 lecto
2344 2645 2626 2711 existens
2645 2646 2729 2711 de
2755 2649 2950 2713 nocte
2978 2648 3163 2713 audit
3198 2669 3271 2721 υ

681 2748 1053 2828 tumultum,
1077 2747 1284 2812 mictit
1304 2766 1580 2812 uxorem
1601 2746 1917 2830 quidnam
1940 2746 2026 2811 sit
2047 2745 2588 2828 investigandum.
2617 2746 2697 2811 Et
2725 2766 2875 2812 cum
2897 2746 3008 2812 illa
3027 2747 3165 2814 iam

680 2848 1035 2914 invenisset
1084 2847 1457 2930 ymaginem
1497 2847 1675 2911 beati
1724 2845 1977 2911 Alberti
2032 2846 2338 2910 continuo
2395 2845 2808 2927 abolendam,
2863 2847 3165 2914 dolenter

679 2946 917 3013 marito
962 2947 1424 3012 denunctiavit.
1460 2944 1652 3024 Quod
1687 2945 1793 3010 ille
1831 2944 2104 3010 audiens
2142 2945 2252 3028 pio
2300 2944 2541 3010 affectu
2588 2946 2680 3010 sic
2721 2945 3115 3013 exclamavit
3144 2972 3161 3014 :

696 3045 953 3112 Utinam
976 3067 1175 3112 sanus
1201 3066 1412 3122 essem,
1426 3046 1725 3131 protinus
1747 3046 1959 3130 utique
1981 3044 2162 3108 illam
2191 3046 2283 3127 (5)
2312 3043 2724 3125 defenderem.
2751 3043 2983 3111 Libera
3013 3068 3163 3133 erqo

681 3167 798 3228 me,
812 3139 980 3209 beate
1001 3143 1267 3222 Athene,
1290 3150 1346 3209 et
1365 3144 1750 3227 promissum
1775 3140 2143 3226 adimplebo,
2164 3148 2219 3205 et
2238 3161 2480 3206 omnem
2502 3162 2708 3207 ineam
2735 3143 3159 3208 substantiam
3193 3166 3268 3218 n

672 3266 799 3330 pro
827 3246 998 3309 cultu
1028 3253 1133 3309 tuo
1168 3242 1544 3328 ampliando
1573 3241 2023 3326 exponendam·
2045 3240 2494 3325 superaddam.
2522 3241 2605 3306 Et
2631 3261 2780 3307 cum
2805 3242 2929 3308 hec
2957 3243 3161 3308 dixis·

682 3349 803 3424 set,
831 3344 1080 3410 audivit
1100 3345 1436 3410 cohortem
1463 3342 1863 3426 pertransire
1885 3346 1952 3409 et
1978 3342 2070 3407 ait
2090 3360 2240 3406 cum
2261 3340 2625 3406 devotionis
2639 3343 2675 3382 *
2698 3341 2952 3408 fervore
2973 3342 3163 3428 :Eya

682 3445 890 3510 liberet
925 3465 1021 3508 me
1054 3443 1229 3508 Deus
1257 3445 1384 3508 tuis
1415 3441 1859 3525 infallibilibus
1878 3442 2142 3505 meritis.
2169 3439 2294 3518 Qui
2323 3440 2547 3506 statim
2575 3461 2784 3524 sopno
2811 3442 3067 3525 rapitur
3093 3447 3162 3509 et

681 3548 982 3610 sanctum
1010 3543 1129 3609 Dei
1156 3543 1502 3610 Albertum
1543 3541 1810 3624 proprio
1837 3540 2070 3606 habitu
2099 3539 2272 3605 velut
2301 3539 2369 3604 in
2395 3539 2607 3624 figura
2632 3540 2699 3606 in
2732 3541 2985 3624 pariete
3026 3542 3163 3609 fixa

680 3644 953 3710 intuitur
979 3644 1091 3726 (6),
1119 3643 1606 3724 habentemque
1634 3639 1953 3724 virgulam
1981 3639 2180 3705 radiis
2207 3638 2618 3717 adornatam,
2647 3659 2882 3724 corpus
2911 3641 3164 3725 langui-
3197 3661 3270 3716 ³0

681 3744 841 3810 dum
869 3747 1270 3826 tangentem.
1305 3741 1431 3820 Qui
1469 3741 1672 3806 dixit:
1704 3741 2056 3805 szitatem
2082 3745 2307 3823 prestet
2338 3738 2449 3803 tibi
2477 3738 2653 3804 Deus
2683 3742 2751 3803 in
2780 3743 2978 3805 servi-⁴3
3002 3743 3162 3808 suia.

684 3843 903 3929 Sur-qe.
933 3843 1014 3909 Et
1042 3847 1309 3926 stupore
1351 3860 1704 3907 concussus
1731 3860 1776 3906 a
1808 3859 2046 3924 sopore
2077 3838 2244 3905 illico
2271 3839 2612 3920 excitatur,
2639 3843 2707 3905 et
2732 3839 2981 3906 viribus
3006 3861 3165 3925 pro-

680 3943 839 4027 priis
860 3943 1083 4026 surgit,
1098 3961 1286 4008 arma
1308 3941 1504 4006 corde
1532 3940 1697 4006 virili
1719 3940 2007 4017 summit,
2029 3938 2117 4004 ad
2137 3942 2528 4005 conventum
2555 3944 2887 4023 properat,
2907 3940 3164 4007 cohorti

680 4043 926 4122 obviat,
953 4043 1225 4125 illosque
1252 4041 1346 4107 sic
1371 4040 1615 4107 affatur
1644 4062 1662 4105 t
1696 4038 1906 4124 Opera
1933 4038 2187 4124 dyaboli
2208 4039 2396 4103 nolite
2417 4036 2648 4122 facere,
2676 4038 2784 4104 sed
2813 4059 3006 4124 opera
3037 4039 3165 4106 Da·

682 4143 931 4226 explete.
954 4141 1151 4226 Roqo,
1179 4143 1247 4204 in
1277 4146 1565 4205 sanctum
1596 4138 1729 4204 Dei·
1742 4137 2206 4221 deformitatem
2235 4138 2424 4203 nolite
2445 4137 2678 4221 facere.
2706 4138 2803 4204 mi
2829 4158 2988 4206 vero
3020 4143 3164 4207 stu·
3200 4158 3282 4213 3⁸

682 4242 923 4324 peracti
976 4241 1543 4324 interrogaverimt
1596 4239 1901 4323 quisnam
1956 4242 2150 4304 esset.
2204 4237 2330 4317 Qui
2380 4239 2765 4322 rospondit:
2809 4237 2948 4325 Eyo
2996 4260 3164 4324 sum,

682 4341 910 4424 inquit,
942 4339 1326 4405 Boniornus.
1353 4339 1436 4405 Et
1462 4338 1597 4404 illi:
1633 4337 1958 4419 Quomodo
1999 4334 2199 4402 sanus
2236 4338 2454 4421 factus
2486 4358 2547 4403 es
2587 4358 2629 4402 a
2672 4345 2784 4402 tua
2821 4340 3166 4405 incurabili

680 4440 1052 4522 infirmitate
1071 4439 1106 4504 .2
1149 4439 1276 4519 Qui
1322 4459 1474 4505 cum
1514 4439 1739 4504 omnia
1780 4458 1900 4521 per
1939 4436 2236 4503 ordinem
2280 4437 2636 4522 pandisset,
2672 4438 2760 4504 illi
2806 4438 3164 4507 timuerunt

680 4539 915 4604 timore
955 4558 1194 4622 magno
1224 4543 1291 4605 et
1318 4538 1563 4604 reversi
1594 4537 1708 4622 (7),
1736 4537 2171 4621 glorificantes
2191 4537 2400 4603 Deum
2424 4537 2492 4603 in
2533 4542 2760 4604 sancto
2789 4558 2935 4605 suo.
2966 4540 3050 4605 Et
3078 4560 3162 4608 ex

746 4781 820 4847 (l)
854 4779 976 4834 Om.
1006 4784 1032 4831 1
1054 4780 1125 4846 (p.
1146 4779 1264 4843 481,
1284 4777 1429 4843 na),
1450 4781 1500 4841 2,
1517 4780 1567 4840 4,
1589 4782 1657 4841 5,·
1683 4776 1984 4831 mccclx
2011 4780 2061 4830 3.
2081 4803 2151 4816 —
2171 4777 2246 4843 (Ξ)
2272 4776 2479 4830 Facere
2503 4781 2552 4830 1.
2568 4805 2636 4817 —
2657 4776 2730 4842 (3)
2749 4778 2939 4846 Ipsum
2972 4779 3164 4834 Alber·

682 4867 799 4916 tum
824 4877 927 4915 ceu
949 4859 1225 4914 medicum
1248 4859 1304 4913 in
1320 4857 1532 4912 visione
1555 4857 1875 4925 apparuisse
1892 4861 2149 4911 asserunt
2163 4861 2212 4921 4,
2236 4862 2284 4911 5.
2307 4885 2375 4897 —
2390 4857 2464 4925 (4)
2484 4858 2665 4912 Erant
2681 4857 2807 4913 add.
2825 4865 2872 4913 1.
2888 4887 2958 4900 ·—
2972 4862 3049 4928 (5)
3068 4863 3165 4928 (U.

681 4948 738 5011 ι’.)
760 4948 795 4999 ἱ.
821 4965 871 4999 ιι.
900 4945 1025 4997 1.-
1048 4944 1124 5008 (6)
1137 4942 1214 4997 sic
1233 4942 1288 4996 in
1317 4942 1429 4995 Vat.
1448 4942 1546 5006 ;(f.
1564 4942 1621 5006 i.)
1637 4942 1848 5008 depicta
1869 4943 2115 4994 intuetur
2131 4945 2181 4994 1.
2198 4967 2266 4980 -
2282 4940 2356 5008 (7)
2375 4940 2515 4995 Sunt
2536 4940 2664 4996 add.
2685 4947 2733 4996 1.
