<?xml version="1.0" encoding="UTF-8"?>
<!DOCTYPE html PUBLIC "-//W3C//DTD XHTML 1.0 Transitional//EN"
    "http://www.w3.org/TR/xhtml1/DTD/xhtml1-transitional.dtd">
<html xmlns="http://www.w3.org/1999/xhtml" xml:lang="en" lang="en">
 <head>
  <title>
</title>
<meta http-equiv="Content-Type" content="text/html;charset=utf-8" />
  <meta name='ocr-system' content='tesseract 3.04.00' />
  <meta name='ocr-capabilities' content='ocr_page ocr_carea ocr_par ocr_line ocrx_word'/>
</head>
<body>
  <div class='ocr_page' id='page_1' title='image "analectabolland01bollgoog_0154.png"; bbox 0 0 3487 5450; ppageno 0'>
   <div class='ocr_carea' id='block_1_1' title="bbox 749 522 2643 597">
    <p class='ocr_par' dir='ltr' id='par_1_1' title="bbox 749 522 2643 597">
     <span class='ocr_line' id='line_1_1' title="bbox 749 522 2643 597; baseline -0.003 0"><span class='ocrx_word' id='word_1_1' title='bbox 749 522 891 597; x_wconf 76' lang='lat'>144</span> <span class='ocrx_word' id='word_1_2' title='bbox 1301 540 1388 592; x_wconf 76' lang='lat' dir='ltr'>on</span> <span class='ocrx_word' id='word_1_3' title='bbox 1442 539 1683 593; x_wconf 68' lang='lat' dir='ltr'>meno</span> <span class='ocrx_word' id='word_1_4' title='bbox 1736 538 2179 592; x_wconf 58' lang='lat' dir='ltr'>cremosino</span> <span class='ocrx_word' id='word_1_5' title='bbox 2231 538 2643 592; x_wconf 53' lang='lat' dir='ltr'>susanam.</span> 
     </span>
    </p>
   </div>
   <div class='ocr_carea' id='block_1_2' title="bbox 661 728 3319 4587">
    <p class='ocr_par' dir='ltr' id='par_1_2' title="bbox 661 728 3313 3598">
     <span class='ocr_line' id='line_1_2' title="bbox 741 728 3209 822; baseline -0.001 -23"><span class='ocrx_word' id='word_1_6' title='bbox 741 734 933 799; x_wconf 90' lang='lat' dir='ltr'>unius</span> <span class='ocrx_word' id='word_1_7' title='bbox 964 732 1156 798; x_wconf 88' lang='lat' dir='ltr'>stadii</span> <span class='ocrx_word' id='word_1_8' title='bbox 1188 731 1402 814; x_wconf 91' lang='lat' dir='ltr'>spatio</span> <span class='ocrx_word' id='word_1_9' title='bbox 1423 750 1466 796; x_wconf 93' lang='lat' dir='ltr'>a</span> <span class='ocrx_word' id='word_1_10' title='bbox 1492 729 1729 795; x_wconf 91' lang='lat' dir='ltr'>sacello</span> <span class='ocrx_word' id='word_1_11' title='bbox 1758 729 1878 795; x_wconf 90' lang='lat' dir='ltr'>viri</span> <span class='ocrx_word' id='word_1_12' title='bbox 1899 729 2110 794; x_wconf 90' lang='lat' dir='ltr'>sancti</span> <span class='ocrx_word' id='word_1_13' title='bbox 2134 729 2267 794; x_wconf 82' lang='lat' dir='ltr'>fere</span> <span class='ocrx_word' id='word_1_14' title='bbox 2301 728 2609 822; x_wconf 77' lang='lat' dir='ltr'>distabat.</span> <span class='ocrx_word' id='word_1_15' title='bbox 2637 729 2920 797; x_wconf 82' lang='lat' dir='ltr'><strong>Proinde</strong></span> <span class='ocrx_word' id='word_1_16' title='bbox 2945 750 3097 797; x_wconf 81' lang='lat' dir='ltr'>cum</span> <span class='ocrx_word' id='word_1_17' title='bbox 3139 731 3209 797; x_wconf 88' lang='lat' dir='ltr'>in</span> 
     </span>
     <span class='ocr_line' id='line_1_3' title="bbox 740 828 3210 914; baseline 0 -16"><span class='ocrx_word' id='word_1_18' title='bbox 740 832 977 898; x_wconf 90' lang='lat' dir='ltr'>eadem</span> <span class='ocrx_word' id='word_1_19' title='bbox 1000 831 1160 896; x_wconf 89' lang='lat' dir='ltr'>cella</span> <span class='ocrx_word' id='word_1_20' title='bbox 1187 830 1537 895; x_wconf 89' lang='lat' dir='ltr'>missarum</span> <span class='ocrx_word' id='word_1_21' title='bbox 1564 828 1826 895; x_wconf 85' lang='lat' dir='ltr'>votiva⁸</span> <span class='ocrx_word' id='word_1_22' title='bbox 1854 828 2189 894; x_wconf 84' lang='lat' dir='ltr'><strong>sollemnia</strong></span> <span class='ocrx_word' id='word_1_23' title='bbox 2209 829 2831 911; x_wconf 82' lang='lat' dir='ltr'>compulsationibus</span> <span class='ocrx_word' id='word_1_24' title='bbox 2852 850 3210 914; x_wconf 86' lang='lat' dir='ltr'>campana-</span> 
     </span>
     <span class='ocr_line' id='line_1_4' title="bbox 737 926 3207 1012; baseline -0 -16"><span class='ocrx_word' id='word_1_25' title='bbox 737 951 886 996; x_wconf 88' lang='lat' dir='ltr'>rum</span> <span class='ocrx_word' id='word_1_26' title='bbox 915 930 1377 1012; x_wconf 82' lang='lat' dir='ltr'>humanaeque</span> <span class='ocrx_word' id='word_1_27' title='bbox 1399 928 1573 993; x_wconf 89' lang='lat' dir='ltr'>vocis</span> <span class='ocrx_word' id='word_1_28' title='bbox 1601 926 1800 992; x_wconf 89' lang='lat' dir='ltr'>iubilo</span> <span class='ocrx_word' id='word_1_29' title='bbox 1840 945 1883 991; x_wconf 90' lang='lat' dir='ltr'>a</span> <span class='ocrx_word' id='word_1_30' title='bbox 1921 927 2162 991; x_wconf 88' lang='lat' dir='ltr'>sanctis</span> <span class='ocrx_word' id='word_1_31' title='bbox 2191 926 2498 992; x_wconf 73' lang='lat' dir='ltr'>fratribus</span> <span class='ocrx_word' id='word_1_32' title='bbox 2534 927 2777 993; x_wconf 85' lang='lat' dir='ltr'>ibidem</span> <span class='ocrx_word' id='word_1_33' title='bbox 2821 928 3207 1011; x_wconf 78' lang='lat' dir='ltr'>degentibus</span> 
     </span>
     <span class='ocr_line' id='line_1_5' title="bbox 737 1020 3209 1111; baseline -0 -16"><span class='ocrx_word' id='word_1_34' title='bbox 737 1029 1242 1105; x_wconf 82' lang='lat' dir='ltr'>celebrarentur,</span> <span class='ocrx_word' id='word_1_35' title='bbox 1273 1028 1411 1111; x_wconf 90' lang='lat' dir='ltr'>ipse</span> <span class='ocrx_word' id='word_1_36' title='bbox 1440 1027 1613 1091; x_wconf 90' lang='lat' dir='ltr'>idem</span> <span class='ocrx_word' id='word_1_37' title='bbox 1634 1025 1894 1109; x_wconf 88' lang='lat' dir='ltr'>regulus</span> <span class='ocrx_word' id='word_1_38' title='bbox 1923 1026 2223 1091; x_wconf 88' lang='lat' dir='ltr'>inimicus</span> <span class='ocrx_word' id='word_1_39' title='bbox 2265 1020 2384 1091; x_wconf 83' lang='lat' dir='ltr'>Dei</span> <span class='ocrx_word' id='word_1_40' title='bbox 2426 1031 2617 1092; x_wconf 86' lang='lat' dir='ltr'>atrox</span> <span class='ocrx_word' id='word_1_41' title='bbox 2645 1047 2795 1092; x_wconf 91' lang='lat' dir='ltr'>cum</span> <span class='ocrx_word' id='word_1_42' title='bbox 2836 1048 3043 1093; x_wconf 86' lang='lat' dir='ltr'>uxore</span> <span class='ocrx_word' id='word_1_43' title='bbox 3083 1049 3209 1094; x_wconf 83' lang='lat' dir='ltr'>sua</span> 
     </span>
     <span class='ocr_line' id='line_1_6' title="bbox 736 1124 3269 1212; baseline 0 -18"><span class='ocrx_word' id='word_1_44' title='bbox 736 1127 1120 1212; x_wconf 87' lang='lat' dir='ltr'>impiissima</span> <span class='ocrx_word' id='word_1_45' title='bbox 1144 1128 1193 1192; x_wconf 91' lang='lat' dir='ltr'>G</span> <span class='ocrx_word' id='word_1_46' title='bbox 1202 1126 1383 1192; x_wconf 88' lang='lat' dir='ltr'>uarei</span> <span class='ocrx_word' id='word_1_47' title='bbox 1403 1126 1555 1205; x_wconf 87' lang='lat' dir='ltr'>filia,</span> <span class='ocrx_word' id='word_1_48' title='bbox 1569 1126 1738 1208; x_wconf 91' lang='lat' dir='ltr'>regis</span> <span class='ocrx_word' id='word_1_49' title='bbox 1768 1124 2234 1208; x_wconf 83' lang='lat' dir='ltr'>aquilonalium</span> <span class='ocrx_word' id='word_1_50' title='bbox 2257 1125 2630 1204; x_wconf 85' lang='lat' dir='ltr'>Hiberniae,</span> <span class='ocrx_word' id='word_1_51' title='bbox 2652 1127 3030 1210; x_wconf 88' lang='lat' dir='ltr'>inopinabili</span> <span class='ocrx_word' id='word_1_52' title='bbox 3058 1128 3210 1193; x_wconf 83' lang='lat' dir='ltr'>feri-</span> <span class='ocrx_word' id='word_1_53' title='bbox 3239 1147 3269 1195; x_wconf 73' lang='grc' dir='ltr'>ε</span> 
     </span>
     <span class='ocr_line' id='line_1_7' title="bbox 737 1225 3210 1306; baseline 0 -12"><span class='ocrx_word' id='word_1_54' title='bbox 737 1232 877 1294; x_wconf 87' lang='lat' dir='ltr'>tate</span> <span class='ocrx_word' id='word_1_55' title='bbox 904 1229 1029 1294; x_wconf 92' lang='lat' dir='ltr'>sibi</span> <span class='ocrx_word' id='word_1_56' title='bbox 1057 1227 1399 1302; x_wconf 87' lang='lat' dir='ltr'>simillima,</span> <span class='ocrx_word' id='word_1_57' title='bbox 1422 1225 1776 1291; x_wconf 90' lang='lat' dir='ltr'>ululatibus</span> <span class='ocrx_word' id='word_1_58' title='bbox 1805 1225 1977 1306; x_wconf 88' lang='lat' dir='ltr'>vulgi</span> <span class='ocrx_word' id='word_1_59' title='bbox 2005 1244 2082 1289; x_wconf 89' lang='lat' dir='ltr'>ac</span> <span class='ocrx_word' id='word_1_60' title='bbox 2116 1225 2464 1291; x_wconf 88' lang='lat' dir='ltr'>latratibus</span> <span class='ocrx_word' id='word_1_61' title='bbox 2492 1245 2726 1292; x_wconf 89' lang='lat' dir='ltr'>canum</span> <span class='ocrx_word' id='word_1_62' title='bbox 2756 1246 3010 1294; x_wconf 86' lang='lat' dir='ltr'>necnon</span> <span class='ocrx_word' id='word_1_63' title='bbox 3036 1229 3210 1294; x_wconf 86' lang='lat' dir='ltr'>leve-</span> 
     </span>
     <span class='ocr_line' id='line_1_8' title="bbox 737 1324 3210 1411; baseline 0 -18"><span class='ocrx_word' id='word_1_64' title='bbox 737 1327 902 1393; x_wconf 90' lang='lat' dir='ltr'>tium</span> <span class='ocrx_word' id='word_1_65' title='bbox 931 1333 994 1393; x_wconf 90' lang='lat' dir='ltr'>et</span> <span class='ocrx_word' id='word_1_66' title='bbox 1025 1328 1312 1411; x_wconf 82' lang='lat' dir='ltr'>pelvium</span> <span class='ocrx_word' id='word_1_67' title='bbox 1339 1325 1701 1402; x_wconf 76' lang='lat' dir='ltr'>tinnitibuS,</span> <span class='ocrx_word' id='word_1_68' title='bbox 1741 1344 1828 1389; x_wconf 92' lang='lat' dir='ltr'>ne</span> <span class='ocrx_word' id='word_1_69' title='bbox 1855 1324 2059 1389; x_wconf 89' lang='lat' dir='ltr'>divini</span> <span class='ocrx_word' id='word_1_70' title='bbox 2086 1325 2332 1390; x_wconf 88' lang='lat' dir='ltr'>servitii</span> <span class='ocrx_word' id='word_1_71' title='bbox 2360 1325 2692 1391; x_wconf 84' lang='lat' dir='ltr'>auditores</span> <span class='ocrx_word' id='word_1_72' title='bbox 2734 1326 2984 1406; x_wconf 82' lang='lat' dir='ltr'>flerent,</span> <span class='ocrx_word' id='word_1_73' title='bbox 3012 1347 3210 1394; x_wconf 72' lang='lat' dir='ltr'>ain-es</span> 
     </span>
     <span class='ocr_line' id='line_1_9' title="bbox 737 1422 3213 1509; baseline 0 -17"><span class='ocrx_word' id='word_1_74' title='bbox 737 1427 1189 1492; x_wconf 80' lang='lat' dir='ltr'>obstruebant.</span> <span class='ocrx_word' id='word_1_75' title='bbox 1219 1424 1528 1491; x_wconf 84' lang='lat' dir='ltr'>Eiusdem</span> <span class='ocrx_word' id='word_1_76' title='bbox 1557 1443 1711 1489; x_wconf 88' lang='lat' dir='ltr'>vero</span> <span class='ocrx_word' id='word_1_77' title='bbox 1739 1423 1910 1507; x_wconf 90' lang='lat' dir='ltr'>regis</span> <span class='ocrx_word' id='word_1_78' title='bbox 1937 1422 2170 1489; x_wconf 81' lang='lat' dir='ltr'>nefarii</span> <span class='ocrx_word' id='word_1_79' title='bbox 2201 1442 2369 1489; x_wconf 85' lang='lat' dir='ltr'>uxor</span> <span class='ocrx_word' id='word_1_80' title='bbox 2386 1424 2745 1507; x_wconf 86' lang='lat' dir='ltr'>praedicta,</span> <span class='ocrx_word' id='word_1_81' title='bbox 2775 1425 2966 1491; x_wconf 89' lang='lat' dir='ltr'>simili</span> <span class='ocrx_word' id='word_1_82' title='bbox 2983 1431 3213 1509; x_wconf 80' lang='lat' dir='ltr'>tyran-</span> 
     </span>
     <span class='ocr_line' id='line_1_10' title="bbox 737 1522 3211 1609; baseline 0 -17"><span class='ocrx_word' id='word_1_83' title='bbox 737 1527 889 1592; x_wconf 90' lang='lat' dir='ltr'>nide</span> <span class='ocrx_word' id='word_1_84' title='bbox 910 1546 989 1591; x_wconf 90' lang='lat' dir='ltr'>ac</span> <span class='ocrx_word' id='word_1_85' title='bbox 1016 1525 1336 1609; x_wconf 85' lang='lat' dir='ltr'>diabolica</span> <span class='ocrx_word' id='word_1_86' title='bbox 1362 1523 1591 1590; x_wconf 82' lang='lat' dir='ltr'>fraude</span> <span class='ocrx_word' id='word_1_87' title='bbox 1617 1522 2039 1602; x_wconf 88' lang='lat' dir='ltr'>instimulata,</span> <span class='ocrx_word' id='word_1_88' title='bbox 2069 1542 2262 1606; x_wconf 84' lang='lat' dir='ltr'>agros</span> <span class='ocrx_word' id='word_1_89' title='bbox 2291 1528 2354 1588; x_wconf 92' lang='lat' dir='ltr'>et</span> <span class='ocrx_word' id='word_1_90' title='bbox 2381 1525 2828 1606; x_wconf 87' lang='lat' dir='ltr'>possessiones</span> <span class='ocrx_word' id='word_1_91' title='bbox 2848 1526 2969 1590; x_wconf 91' lang='lat' dir='ltr'>viri</span> <span class='ocrx_word' id='word_1_92' title='bbox 2996 1527 3211 1592; x_wconf 84' lang='lat' dir='ltr'>sancti</span> 
     </span>
     <span class='ocr_line' id='line_1_11' title="bbox 739 1622 3305 1701; baseline 0 -11"><span class='ocrx_word' id='word_1_93' title='bbox 739 1627 1092 1691; x_wconf 86' lang='lat' dir='ltr'>exteriores</span> <span class='ocrx_word' id='word_1_94' title='bbox 1119 1625 1404 1690; x_wconf 90' lang='lat' dir='ltr'>violenta</span> <span class='ocrx_word' id='word_1_95' title='bbox 1430 1642 1651 1701; x_wconf 87' lang='lat' dir='ltr'>manu,</span> <span class='ocrx_word' id='word_1_96' title='bbox 1678 1622 1893 1687; x_wconf 71' lang='lat' dir='ltr'>nullo⁴</span> <span class='ocrx_word' id='word_1_97' title='bbox 1918 1622 2420 1700; x_wconf 86' lang='lat' dir='ltr'>contradicente,</span> <span class='ocrx_word' id='word_1_98' title='bbox 2442 1623 2564 1687; x_wconf 88' lang='lat' dir='ltr'>sibi</span> <span class='ocrx_word' id='word_1_99' title='bbox 2588 1623 2992 1690; x_wconf 85' lang='lat' dir='ltr'>vendicando</span> <span class='ocrx_word' id='word_1_100' title='bbox 3019 1645 3210 1691; x_wconf 86' lang='lat' dir='ltr'>usur-</span> <span class='ocrx_word' id='word_1_101' title='bbox 3245 1642 3305 1690; x_wconf 76' lang='lat' dir='ltr'><strong><em>w</em></strong></span> 
     </span>
     <span class='ocr_line' id='line_1_12' title="bbox 736 1721 3209 1809; baseline 0 -19"><span class='ocrx_word' id='word_1_102' title='bbox 736 1725 953 1809; x_wconf 76' lang='lat' dir='ltr'>pavit3</span> <span class='ocrx_word' id='word_1_103' title='bbox 980 1744 1259 1808; x_wconf 89' lang='lat' dir='ltr'>cumque</span> <span class='ocrx_word' id='word_1_104' title='bbox 1301 1742 1420 1806; x_wconf 90' lang='lat' dir='ltr'>per</span> <span class='ocrx_word' id='word_1_105' title='bbox 1464 1722 1754 1805; x_wconf 75' lang='lat' dir='ltr'>aliquot⁵</span> <span class='ocrx_word' id='word_1_106' title='bbox 1792 1740 2003 1787; x_wconf 89' lang='lat' dir='ltr'>annos</span> <span class='ocrx_word' id='word_1_107' title='bbox 2054 1721 2365 1805; x_wconf 84' lang='lat' dir='ltr'>profanas</span> <span class='ocrx_word' id='word_1_108' title='bbox 2412 1722 2955 1788; x_wconf 85' lang='lat' dir='ltr'>sceleratissimae</span> <span class='ocrx_word' id='word_1_109' title='bbox 2982 1725 3209 1791; x_wconf 86' lang='lat' dir='ltr'>uxoris</span> 
     </span>
     <span class='ocr_line' id='line_1_13' title="bbox 736 1820 3211 1907; baseline -0 -17"><span class='ocrx_word' id='word_1_110' title='bbox 736 1825 955 1907; x_wconf 87' lang='lat' dir='ltr'>regiae</span> <span class='ocrx_word' id='word_1_111' title='bbox 981 1825 1248 1907; x_wconf 90' lang='lat' dir='ltr'>rapinas</span> <span class='ocrx_word' id='word_1_112' title='bbox 1276 1826 1542 1888; x_wconf 86' lang='lat' dir='ltr'>sanctus</span> <span class='ocrx_word' id='word_1_113' title='bbox 1567 1822 1666 1887; x_wconf 91' lang='lat' dir='ltr'>vir</span> <span class='ocrx_word' id='word_1_114' title='bbox 1706 1820 2036 1905; x_wconf 89' lang='lat' dir='ltr'>patienter</span> <span class='ocrx_word' id='word_1_115' title='bbox 2070 1821 2438 1900; x_wconf 86' lang='lat' dir='ltr'>sustineret,</span> <span class='ocrx_word' id='word_1_116' title='bbox 2473 1822 2762 1905; x_wconf 88' lang='lat' dir='ltr'>dumque</span> <span class='ocrx_word' id='word_1_117' title='bbox 2790 1823 3055 1889; x_wconf 82' lang='lat' dir='ltr'>innatae</span> <span class='ocrx_word' id='word_1_118' title='bbox 3082 1825 3211 1889; x_wconf 91' lang='lat' dir='ltr'>ini-</span> 
     </span>
     <span class='ocr_line' id='line_1_14' title="bbox 739 1920 3209 2008; baseline 0 -19"><span class='ocrx_word' id='word_1_119' title='bbox 739 1923 1007 2008; x_wconf 89' lang='lat' dir='ltr'>quitatis</span> <span class='ocrx_word' id='word_1_120' title='bbox 1047 1922 1366 1988; x_wconf 90' lang='lat' dir='ltr'>malitiam</span> <span class='ocrx_word' id='word_1_121' title='bbox 1422 1920 1711 1986; x_wconf 88' lang='lat' dir='ltr'>mulieris</span> <span class='ocrx_word' id='word_1_122' title='bbox 1778 1920 2070 1986; x_wconf 89' lang='lat' dir='ltr'>eiusdem</span> <span class='ocrx_word' id='word_1_123' title='bbox 2127 1921 2483 2003; x_wconf 90' lang='lat' dir='ltr'>patientiae</span> <span class='ocrx_word' id='word_1_124' title='bbox 2550 1921 2898 1987; x_wconf 88' lang='lat' dir='ltr'>invincibili</span> <span class='ocrx_word' id='word_1_125' title='bbox 2966 1924 3209 1990; x_wconf 87' lang='lat' dir='ltr'>virtute</span> 
     </span>
     <span class='ocr_line' id='line_1_15' title="bbox 713 2019 3214 2103; baseline 0 -15"><span class='ocrx_word' id='word_1_126' title='bbox 713 2023 1079 2088; x_wconf 78' lang='lat' dir='ltr'>‘devincere</span> <span class='ocrx_word' id='word_1_127' title='bbox 1108 2022 1319 2100; x_wconf 87' lang='lat' dir='ltr'>vellet,</span> <span class='ocrx_word' id='word_1_128' title='bbox 1350 2021 1618 2103; x_wconf 85' lang='lat' dir='ltr'>contigit</span> <span class='ocrx_word' id='word_1_129' title='bbox 1637 2019 1815 2103; x_wconf 92' lang='lat' dir='ltr'>quod</span> <span class='ocrx_word' id='word_1_130' title='bbox 1842 2039 1990 2085; x_wconf 89' lang='lat' dir='ltr'>cum</span> <span class='ocrx_word' id='word_1_131' title='bbox 2019 2019 2226 2085; x_wconf 90' lang='lat' dir='ltr'>multo</span> <span class='ocrx_word' id='word_1_132' title='bbox 2254 2020 2566 2085; x_wconf 82' lang='lat' dir='ltr'>comitatu</span> <span class='ocrx_word' id='word_1_133' title='bbox 2596 2040 2865 2086; x_wconf 85' lang='lat' dir='ltr'>suarum</span> <span class='ocrx_word' id='word_1_134' title='bbox 2892 2023 3214 2088; x_wconf 89' lang='lat' dir='ltr'>comitum</span> 
     </span>
     <span class='ocr_line' id='line_1_16' title="bbox 738 2118 3310 2205; baseline -0 -18"><span class='ocrx_word' id='word_1_135' title='bbox 738 2121 984 2205; x_wconf 89' lang='lat' dir='ltr'>stipata</span> <span class='ocrx_word' id='word_1_136' title='bbox 1008 2121 1301 2186; x_wconf 90' lang='lat' dir='ltr'>dulcibus</span> <span class='ocrx_word' id='word_1_137' title='bbox 1323 2120 1536 2185; x_wconf 89' lang='lat' dir='ltr'>carnis</span> <span class='ocrx_word' id='word_1_138' title='bbox 1565 2119 1884 2185; x_wconf 89' lang='lat' dir='ltr'>illecebris</span> <span class='ocrx_word' id='word_1_139' title='bbox 1912 2138 1990 2184; x_wconf 92' lang='lat' dir='ltr'>ac</span> <span class='ocrx_word' id='word_1_140' title='bbox 2030 2118 2282 2184; x_wconf 83' lang='lat' dir='ltr'>balneis</span> <span class='ocrx_word' id='word_1_141' title='bbox 2322 2118 2668 2185; x_wconf 83' lang='lat' dir='ltr'>fomentari</span> <span class='ocrx_word' id='word_1_142' title='bbox 2695 2120 3012 2187; x_wconf 84' lang='lat' dir='ltr'>violenter</span> <span class='ocrx_word' id='word_1_143' title='bbox 3040 2122 3213 2188; x_wconf 88' lang='lat' dir='ltr'>desi·</span> <span class='ocrx_word' id='word_1_144' title='bbox 3250 2138 3310 2186; x_wconf 67' lang='grc' dir='ltr'>σε</span> 
     </span>
     <span class='ocr_line' id='line_1_17' title="bbox 737 2217 3212 2300; baseline 0 -14"><span class='ocrx_word' id='word_1_145' title='bbox 737 2220 995 2300; x_wconf 89' lang='lat' dir='ltr'>derans,</span> <span class='ocrx_word' id='word_1_146' title='bbox 1018 2221 1103 2286; x_wconf 89' lang='lat' dir='ltr'>ad</span> <span class='ocrx_word' id='word_1_147' title='bbox 1131 2219 1440 2285; x_wconf 89' lang='lat' dir='ltr'>sacellum</span> <span class='ocrx_word' id='word_1_148' title='bbox 1460 2218 1766 2284; x_wconf 86' lang='lat' dir='ltr'>venisset.</span> <span class='ocrx_word' id='word_1_149' title='bbox 1789 2218 2007 2283; x_wconf 90' lang='lat' dir='ltr'>Homo</span> <span class='ocrx_word' id='word_1_150' title='bbox 2028 2217 2148 2283; x_wconf 90' lang='lat' dir='ltr'>Dei</span> <span class='ocrx_word' id='word_1_151' title='bbox 2177 2218 2445 2283; x_wconf 88' lang='lat' dir='ltr'>tandem</span> <span class='ocrx_word' id='word_1_152' title='bbox 2472 2218 2610 2284; x_wconf 89' lang='lat' dir='ltr'>zelo</span> <span class='ocrx_word' id='word_1_153' title='bbox 2635 2218 2963 2286; x_wconf 88' lang='lat' dir='ltr'>Creatoris</span> <span class='ocrx_word' id='word_1_154' title='bbox 2985 2242 3212 2288; x_wconf 88' lang='lat' dir='ltr'>arma-</span> 
     </span>
     <span class='ocr_line' id='line_1_18' title="bbox 736 2316 3214 2405; baseline 0 -20"><span class='ocrx_word' id='word_1_155' title='bbox 736 2323 864 2399; x_wconf 88' lang='lat' dir='ltr'>tus,</span> <span class='ocrx_word' id='word_1_156' title='bbox 893 2319 1156 2386; x_wconf 84' lang='lat' dir='ltr'>obviam</span> <span class='ocrx_word' id='word_1_157' title='bbox 1183 2320 1445 2402; x_wconf 84' lang='lat' dir='ltr'>reginae</span> <span class='ocrx_word' id='word_1_158' title='bbox 1465 2337 1815 2384; x_wconf 90' lang='lat' dir='ltr'>occurrens</span> <span class='ocrx_word' id='word_1_159' title='bbox 1843 2317 2006 2383; x_wconf 84' lang='lat' dir='ltr'>dixit</span> <span class='ocrx_word' id='word_1_160' title='bbox 2033 2317 2120 2381; x_wconf 89' lang='lat' dir='ltr'>ad</span> <span class='ocrx_word' id='word_1_161' title='bbox 2142 2336 2329 2383; x_wconf 86' lang='lat' dir='ltr'>eam:</span> <span class='ocrx_word' id='word_1_162' title='bbox 2357 2316 2698 2401; x_wconf 67' lang='lat' dir='ltr'>Rev-eriere,</span> <span class='ocrx_word' id='word_1_163' title='bbox 2723 2327 3044 2401; x_wconf 75' lang='lat' dir='ltr'>revertere,</span> <span class='ocrx_word' id='word_1_164' title='bbox 3066 2322 3214 2405; x_wconf 77' lang='lat' dir='ltr'>filia</span> 
     </span>
     <span class='ocr_line' id='line_1_19' title="bbox 737 2417 3216 2505; baseline 0 -19"><span class='ocrx_word' id='word_1_165' title='bbox 737 2419 1089 2504; x_wconf 72' lang='lat' dir='ltr'>Babylonis</span> <span class='ocrx_word' id='word_1_166' title='bbox 1109 2419 1362 2500; x_wconf 72' lang='lat' dir='ltr'>vuisera,</span> <span class='ocrx_word' id='word_1_167' title='bbox 1388 2438 1516 2483; x_wconf 77' lang='lat' dir='ltr'>non</span> <span class='ocrx_word' id='word_1_168' title='bbox 1549 2417 1672 2482; x_wconf 78' lang='lat' dir='ltr'>huc</span> <span class='ocrx_word' id='word_1_169' title='bbox 1714 2417 1996 2502; x_wconf 71' lang='lat' dir='ltr'>amplius</span> <span class='ocrx_word' id='word_1_170' title='bbox 2021 2437 2373 2497; x_wconf 73' lang='lat' dir='ltr'>reversura,</span> <span class='ocrx_word' id='word_1_171' title='bbox 2394 2437 2521 2481; x_wconf 80' lang='lat' dir='ltr'>non</span> <span class='ocrx_word' id='word_1_172' title='bbox 2549 2418 2830 2503; x_wconf 70' lang='lat' dir='ltr'>amplius</span> <span class='ocrx_word' id='word_1_173' title='bbox 2849 2424 3216 2505; x_wconf 66' lang='lat' dir='ltr'>maranti</span> 
     </span>
     <span class='ocr_line' id='line_1_20' title="bbox 739 2516 3214 2602; baseline 0.002 -19"><span class='ocrx_word' id='word_1_174' title='bbox 739 2518 957 2602; x_wconf 79' lang='lat' dir='ltr'>forma</span> <span class='ocrx_word' id='word_1_175' title='bbox 987 2518 1133 2582; x_wconf 60' lang='grc' dir='ltr'>ταώ</span> <span class='ocrx_word' id='word_1_176' title='bbox 1157 2518 1480 2602; x_wconf 79' lang='lat' dir='ltr'>placitura</span> <span class='ocrx_word' id='word_1_177' title='bbox 1501 2518 1735 2582; x_wconf 65' lang='lat' dir='ltr'>’nerito</span> <span class='ocrx_word' id='word_1_178' title='bbox 1746 2516 1791 2581; x_wconf 78' lang='lat'>¹¹.</span> <span class='ocrx_word' id='word_1_179' title='bbox 1820 2516 1878 2582; x_wconf 90' lang='grc' dir='ltr'>Ο</span> <span class='ocrx_word' id='word_1_180' title='bbox 1899 2536 2101 2599; x_wconf 89' lang='lat' dir='ltr'>quam</span> <span class='ocrx_word' id='word_1_181' title='bbox 2143 2516 2310 2581; x_wconf 86' lang='lat' dir='ltr'>mira</span> <span class='ocrx_word' id='word_1_182' title='bbox 2339 2536 2669 2600; x_wconf 86' lang='lat' dir='ltr'>quamque</span> <span class='ocrx_word' id='word_1_183' title='bbox 2688 2518 3067 2586; x_wconf 83' lang='lat' dir='ltr'>miseranda</span> <span class='ocrx_word' id='word_1_184' title='bbox 3108 2525 3214 2587; x_wconf 82' lang='lat' dir='ltr'>est</span> 
     </span>
     <span class='ocr_line' id='line_1_21' title="bbox 721 2615 3313 2702; baseline 0 -19"><span class='ocrx_word' id='word_1_185' title='bbox 721 2618 999 2695; x_wconf 58' lang='lat' dir='ltr'>,divinae</span> <span class='ocrx_word' id='word_1_186' title='bbox 1027 2617 1392 2682; x_wconf 89' lang='lat' dir='ltr'>severitatis</span> <span class='ocrx_word' id='word_1_187' title='bbox 1420 2635 1499 2682; x_wconf 88' lang='lat' dir='ltr'>ac</span> <span class='ocrx_word' id='word_1_188' title='bbox 1526 2615 1966 2694; x_wconf 88' lang='lat' dir='ltr'>districtionis,</span> <span class='ocrx_word' id='word_1_189' title='bbox 1995 2615 2230 2681; x_wconf 80' lang='lat' dir='ltr'>fratres</span> <span class='ocrx_word' id='word_1_190' title='bbox 2257 2615 2547 2698; x_wconf 86' lang='lat' dir='ltr'>piissimi,</span> <span class='ocrx_word' id='word_1_191' title='bbox 2574 2618 2919 2683; x_wconf 89' lang='lat' dir='ltr'>sententia.</span> <span class='ocrx_word' id='word_1_192' title='bbox 2956 2618 3215 2702; x_wconf 86' lang='lat' dir='ltr'>Regina</span> <span class='ocrx_word' id='word_1_193' title='bbox 3248 2631 3313 2683; x_wconf 67' lang='grc' dir='ltr'><strong>ω</strong></span> 
     </span>
     <span class='ocr_line' id='line_1_22' title="bbox 736 2714 3213 2801; baseline 0.001 -17"><span class='ocrx_word' id='word_1_194' title='bbox 736 2717 980 2784; x_wconf 90' lang='lat' dir='ltr'>etenim</span> <span class='ocrx_word' id='word_1_195' title='bbox 999 2717 1164 2782; x_wconf 90' lang='lat' dir='ltr'>haec</span> <span class='ocrx_word' id='word_1_196' title='bbox 1190 2716 1386 2801; x_wconf 91' lang='lat' dir='ltr'>paulo</span> <span class='ocrx_word' id='word_1_197' title='bbox 1415 2719 1570 2782; x_wconf 91' lang='lat' dir='ltr'>ante</span> <span class='ocrx_word' id='word_1_198' title='bbox 1597 2715 1831 2781; x_wconf 90' lang='lat' dir='ltr'>mulier</span> <span class='ocrx_word' id='word_1_199' title='bbox 1871 2714 2158 2781; x_wconf 87' lang='lat' dir='ltr'>formosa</span> <span class='ocrx_word' id='word_1_200' title='bbox 2185 2735 2484 2800; x_wconf 85' lang='lat' dir='ltr'>superne,</span> <span class='ocrx_word' id='word_1_201' title='bbox 2536 2736 2706 2800; x_wconf 89' lang='lat' dir='ltr'>quae</span> <span class='ocrx_word' id='word_1_202' title='bbox 2744 2717 2876 2783; x_wconf 91' lang='lat' dir='ltr'>ritu</span> <span class='ocrx_word' id='word_1_203' title='bbox 2917 2717 3213 2786; x_wconf 87' lang='lat' dir='ltr'>ferarum</span> 
     </span>
     <span class='ocr_line' id='line_1_23' title="bbox 661 2814 3214 2900; baseline 0.001 -18"><span class='ocrx_word' id='word_1_204' title='bbox 661 2863 667 2868; x_wconf 92' lang='lat'>-</span> <span class='ocrx_word' id='word_1_205' title='bbox 733 2835 927 2882; x_wconf 74' lang='lat' dir='ltr'>caeco</span> <span class='ocrx_word' id='word_1_206' title='bbox 946 2836 1067 2900; x_wconf 90' lang='lat' dir='ltr'>per</span> <span class='ocrx_word' id='word_1_207' title='bbox 1086 2816 1416 2882; x_wconf 88' lang='lat' dir='ltr'>Creatoris</span> <span class='ocrx_word' id='word_1_208' title='bbox 1436 2819 1888 2898; x_wconf 88' lang='lat' dir='ltr'>contemptum</span> <span class='ocrx_word' id='word_1_209' title='bbox 1908 2814 2265 2880; x_wconf 86' lang='lat' dir='ltr'>bestialiter</span> <span class='ocrx_word' id='word_1_210' title='bbox 2284 2816 2537 2881; x_wconf 83' lang='lat' dir='ltr'>vixerat</span> <span class='ocrx_word' id='word_1_211' title='bbox 2552 2817 2753 2900; x_wconf 82' lang='lat' dir='ltr'>⁸,ipsa</span> <span class='ocrx_word' id='word_1_212' title='bbox 2772 2836 2922 2883; x_wconf 87' lang='lat' dir='ltr'>cum</span> <span class='ocrx_word' id='word_1_213' title='bbox 2949 2820 3214 2886; x_wconf 88' lang='lat' dir='ltr'>univer-</span> 
     </span>
     <span class='ocr_line' id='line_1_24' title="bbox 735 2914 3212 2998; baseline 0.002 -17"><span class='ocrx_word' id='word_1_214' title='bbox 735 2916 826 2982; x_wconf 89' lang='lat' dir='ltr'>sis</span> <span class='ocrx_word' id='word_1_215' title='bbox 854 2916 1147 2981; x_wconf 87' lang='lat' dir='ltr'>eiusdem</span> <span class='ocrx_word' id='word_1_216' title='bbox 1167 2935 1364 2981; x_wconf 86' lang='lat' dir='ltr'>sexus</span> <span class='ocrx_word' id='word_1_217' title='bbox 1407 2915 1753 2980; x_wconf 86' lang='lat' dir='ltr'>comitibus</span> <span class='ocrx_word' id='word_1_218' title='bbox 1782 2914 1851 2979; x_wconf 93' lang='lat' dir='ltr'>in</span> <span class='ocrx_word' id='word_1_219' title='bbox 1870 2914 2152 2998; x_wconf 86' lang='lat' dir='ltr'>caprinis</span> <span class='ocrx_word' id='word_1_220' title='bbox 2194 2915 2514 2998; x_wconf 86' lang='lat' dir='ltr'>capitibus</span> <span class='ocrx_word' id='word_1_221' title='bbox 2542 2915 2929 2981; x_wconf 85' lang='lat' dir='ltr'>intuentium</span> <span class='ocrx_word' id='word_1_222' title='bbox 2960 2919 3212 2985; x_wconf 79' lang='lat' dir='ltr'>visibus</span> 
     </span>
     <span class='ocr_line' id='line_1_25' title="bbox 733 3011 3210 3098; baseline 0.001 -19"><span class='ocrx_word' id='word_1_223' title='bbox 733 3015 1060 3098; x_wconf 85' lang='lat' dir='ltr'>apparuit,</span> <span class='ocrx_word' id='word_1_224' title='bbox 1088 3018 1156 3079; x_wconf 92' lang='lat' dir='ltr'>et</span> <span class='ocrx_word' id='word_1_225' title='bbox 1175 3018 1252 3079; x_wconf 88' lang='lat' dir='ltr'>ut</span> <span class='ocrx_word' id='word_1_226' title='bbox 1278 3033 1517 3096; x_wconf 87' lang='lat' dir='ltr'>caprae</span> <span class='ocrx_word' id='word_1_227' title='bbox 1544 3013 1877 3078; x_wconf 89' lang='lat' dir='ltr'>humanae</span> <span class='ocrx_word' id='word_1_228' title='bbox 1916 3011 2150 3077; x_wconf 88' lang='lat' dir='ltr'>modos</span> <span class='ocrx_word' id='word_1_229' title='bbox 2194 3011 2492 3096; x_wconf 89' lang='lat' dir='ltr'>loquelae</span> <span class='ocrx_word' id='word_1_230' title='bbox 2540 3013 2765 3078; x_wconf 88' lang='lat' dir='ltr'>statim</span> <span class='ocrx_word' id='word_1_231' title='bbox 2806 3015 3210 3095; x_wconf 85' lang='lat' dir='ltr'>amittentes,</span> 
     </span>
     <span class='ocr_line' id='line_1_26' title="bbox 734 3110 3312 3195; baseline 0.002 -18"><span class='ocrx_word' id='word_1_232' title='bbox 734 3112 903 3179; x_wconf 90' lang='lat' dir='ltr'>inter</span> <span class='ocrx_word' id='word_1_233' title='bbox 929 3133 1002 3178; x_wconf 90' lang='lat' dir='ltr'>se</span> <span class='ocrx_word' id='word_1_234' title='bbox 1029 3112 1557 3195; x_wconf 88' lang='lat' dir='ltr'>obstrepuerunt.</span> <span class='ocrx_word' id='word_1_235' title='bbox 1605 3110 1741 3177; x_wconf 91' lang='lat' dir='ltr'>Sed</span> <span class='ocrx_word' id='word_1_236' title='bbox 1786 3111 1941 3194; x_wconf 91' lang='lat' dir='ltr'>quia</span> <span class='ocrx_word' id='word_1_237' title='bbox 1980 3111 2126 3194; x_wconf 92' lang='lat' dir='ltr'>ipsa</span> <span class='ocrx_word' id='word_1_238' title='bbox 2167 3115 2234 3175; x_wconf 90' lang='lat' dir='ltr'>et</span> <span class='ocrx_word' id='word_1_239' title='bbox 2275 3111 2696 3194; x_wconf 88' lang='lat' dir='ltr'>impiissimus</span> <span class='ocrx_word' id='word_1_240' title='bbox 2740 3111 3216 3180; x_wconf 80' lang='lat' dir='ltr'>Forannanus’</span> <span class='ocrx_word' id='word_1_241' title='bbox 3247 3130 3312 3180; x_wconf 64' lang='lat' dir='ltr'>n</span> 
     </span>
     <span class='ocr_line' id='line_1_27' title="bbox 738 3210 3217 3294; baseline 0.001 -16"><span class='ocrx_word' id='word_1_242' title='bbox 738 3212 864 3287; x_wconf 87' lang='lat' dir='ltr'>hoc</span> <span class='ocrx_word' id='word_1_243' title='bbox 890 3212 1202 3278; x_wconf 89' lang='lat' dir='ltr'>miraculo</span> <span class='ocrx_word' id='word_1_244' title='bbox 1230 3212 1498 3277; x_wconf 90' lang='lat' dir='ltr'>minime</span> <span class='ocrx_word' id='word_1_245' title='bbox 1525 3211 1872 3294; x_wconf 87' lang='lat' dir='ltr'>perterriti,</span> <span class='ocrx_word' id='word_1_246' title='bbox 1901 3210 2246 3276; x_wconf 85' lang='lat' dir='ltr'>obstinatis</span> <span class='ocrx_word' id='word_1_247' title='bbox 2274 3211 2602 3277; x_wconf 89' lang='lat' dir='ltr'>mentibus</span> <span class='ocrx_word' id='word_1_248' title='bbox 2632 3212 2720 3277; x_wconf 90' lang='lat' dir='ltr'>ad</span> <span class='ocrx_word' id='word_1_249' title='bbox 2747 3213 2991 3279; x_wconf 87' lang='lat' dir='ltr'>imbres</span> <span class='ocrx_word' id='word_1_250' title='bbox 3017 3214 3217 3281; x_wconf 88' lang='lat' dir='ltr'>lacri-</span> 
     </span>
     <span class='ocr_line' id='line_1_28' title="bbox 733 3309 3215 3393; baseline 0.001 -15"><span class='ocrx_word' id='word_1_251' title='bbox 733 3331 994 3378; x_wconf 84' lang='lat' dir='ltr'>marum</span> <span class='ocrx_word' id='word_1_252' title='bbox 1023 3311 1318 3377; x_wconf 88' lang='lat' dir='ltr'>salubres</span> <span class='ocrx_word' id='word_1_253' title='bbox 1347 3330 1426 3376; x_wconf 89' lang='lat' dir='ltr'>ac</span> <span class='ocrx_word' id='word_1_254' title='bbox 1469 3311 1555 3375; x_wconf 89' lang='lat' dir='ltr'>ad</span> <span class='ocrx_word' id='word_1_255' title='bbox 1601 3314 1822 3376; x_wconf 90' lang='lat' dir='ltr'>cetera</span> <span class='ocrx_word' id='word_1_256' title='bbox 1848 3310 2289 3393; x_wconf 90' lang='lat' dir='ltr'>paenitentiae</span> <span class='ocrx_word' id='word_1_257' title='bbox 2315 3309 2604 3375; x_wconf 86' lang='lat' dir='ltr'>lamenta</span> <span class='ocrx_word' id='word_1_258' title='bbox 2626 3331 2887 3378; x_wconf 91' lang='lat' dir='ltr'>currere</span> <span class='ocrx_word' id='word_1_259' title='bbox 2914 3320 3215 3380; x_wconf 88' lang='lat' dir='ltr'>contem-</span> 
     </span>
     <span class='ocr_line' id='line_1_29' title="bbox 705 3409 3214 3496; baseline 0.002 -20"><span class='ocrx_word' id='word_1_260' title='bbox 705 3415 1026 3496; x_wconf 84' lang='lat' dir='ltr'>pserunt,</span> <span class='ocrx_word' id='word_1_261' title='bbox 1053 3411 1226 3476; x_wconf 86' lang='lat' dir='ltr'>intra</span> <span class='ocrx_word' id='word_1_262' title='bbox 1243 3412 1294 3449; x_wconf 87' lang='lat'>¹⁰</span> <span class='ocrx_word' id='word_1_263' title='bbox 1314 3430 1559 3494; x_wconf 89' lang='lat' dir='ltr'>paucos</span> <span class='ocrx_word' id='word_1_264' title='bbox 1592 3410 1735 3476; x_wconf 89' lang='lat' dir='ltr'>dies</span> <span class='ocrx_word' id='word_1_265' title='bbox 1774 3409 1970 3492; x_wconf 85' lang='lat' dir='ltr'>digna</span> <span class='ocrx_word' id='word_1_266' title='bbox 1997 3428 2117 3493; x_wconf 88' lang='lat' dir='ltr'>pro</span> <span class='ocrx_word' id='word_1_267' title='bbox 2146 3409 2495 3475; x_wconf 87' lang='lat' dir='ltr'>sceleribus</span> <span class='ocrx_word' id='word_1_268' title='bbox 2531 3410 2847 3494; x_wconf 85' lang='lat' dir='ltr'>supplicia</span> <span class='ocrx_word' id='word_1_269' title='bbox 2873 3412 3045 3479; x_wconf 88' lang='lat' dir='ltr'>iusto</span> <span class='ocrx_word' id='word_1_270' title='bbox 3088 3414 3214 3481; x_wconf 89' lang='lat' dir='ltr'>Dei</span> 
     </span>
     <span class='ocr_line' id='line_1_30' title="bbox 732 3508 2957 3598; baseline -0 -21"><span class='ocrx_word' id='word_1_271' title='bbox 732 3511 969 3577; x_wconf 87' lang='lat' dir='ltr'>iudicio</span> <span class='ocrx_word' id='word_1_272' title='bbox 995 3510 1401 3593; x_wconf 89' lang='lat' dir='ltr'>recipientes,</span> <span class='ocrx_word' id='word_1_273' title='bbox 1424 3510 1579 3598; x_wconf 87' lang='lat' dir='ltr'>diris</span> <span class='ocrx_word' id='word_1_274' title='bbox 1608 3528 1955 3592; x_wconf 87' lang='lat' dir='ltr'>corporum</span> <span class='ocrx_word' id='word_1_275' title='bbox 1984 3508 2374 3573; x_wconf 89' lang='lat' dir='ltr'>cruciatibus</span> <span class='ocrx_word' id='word_1_276' title='bbox 2401 3509 2607 3574; x_wconf 86' lang='lat' dir='ltr'>vitam</span> <span class='ocrx_word' id='word_1_277' title='bbox 2628 3511 2957 3576; x_wconf 87' lang='lat' dir='ltr'>finierunt.</span> 
     </span>
    </p>

    <p class='ocr_par' dir='ltr' id='par_1_3' title="bbox 702 3607 3319 4587">
     <span class='ocr_line' id='line_1_31' title="bbox 820 3607 3314 3694; baseline 0.002 -20"><span class='ocrx_word' id='word_1_278' title='bbox 820 3617 893 3676; x_wconf 81' lang='grc'>9.</span> <span class='ocrx_word' id='word_1_279' title='bbox 924 3610 1277 3674; x_wconf 89' lang='lat' dir='ltr'>Praeterea</span> <span class='ocrx_word' id='word_1_280' title='bbox 1307 3609 1464 3674; x_wconf 90' lang='lat' dir='ltr'>dum</span> <span class='ocrx_word' id='word_1_281' title='bbox 1507 3609 1665 3673; x_wconf 88' lang='lat' dir='ltr'>hoc¹</span> <span class='ocrx_word' id='word_1_282' title='bbox 1696 3608 1945 3691; x_wconf 77' lang='lat' dir='ltr'>insigne</span> <span class='ocrx_word' id='word_1_283' title='bbox 1966 3607 2371 3684; x_wconf 89' lang='lat' dir='ltr'>miraculum,</span> <span class='ocrx_word' id='word_1_284' title='bbox 2411 3613 2554 3673; x_wconf 90' lang='lat' dir='ltr'>tum</span> <span class='ocrx_word' id='word_1_285' title='bbox 2597 3629 2718 3693; x_wconf 91' lang='lat' dir='ltr'>pro</span> <span class='ocrx_word' id='word_1_286' title='bbox 2759 3611 3216 3694; x_wconf 78' lang='lat' dir='ltr'>magnitudine</span> <span class='ocrx_word' id='word_1_287' title='bbox 3250 3631 3314 3684; x_wconf 77' lang='grc' dir='ltr'>3ο</span> 
     </span>
     <span class='ocr_line' id='line_1_32' title="bbox 732 3706 3214 3794; baseline 0.001 -18"><span class='ocrx_word' id='word_1_288' title='bbox 732 3710 828 3776; x_wconf 90' lang='lat' dir='ltr'>rei</span> <span class='ocrx_word' id='word_1_289' title='bbox 856 3709 1058 3793; x_wconf 88' lang='lat' dir='ltr'>ipsius</span> <span class='ocrx_word' id='word_1_290' title='bbox 1097 3713 1241 3773; x_wconf 88' lang='lat' dir='ltr'>tum</span> <span class='ocrx_word' id='word_1_291' title='bbox 1269 3728 1389 3792; x_wconf 89' lang='lat' dir='ltr'>pro</span> <span class='ocrx_word' id='word_1_292' title='bbox 1421 3708 1716 3773; x_wconf 88' lang='lat' dir='ltr'>claritate</span> <span class='ocrx_word' id='word_1_293' title='bbox 1746 3712 1948 3791; x_wconf 87' lang='lat' dir='ltr'>atque</span> <span class='ocrx_word' id='word_1_294' title='bbox 1974 3706 2313 3773; x_wconf 89' lang='lat' dir='ltr'>nobilitate</span> <span class='ocrx_word' id='word_1_295' title='bbox 2349 3709 2518 3791; x_wconf 90' lang='lat' dir='ltr'>regis</span> <span class='ocrx_word' id='word_1_296' title='bbox 2549 3714 2615 3774; x_wconf 91' lang='lat' dir='ltr'>et</span> <span class='ocrx_word' id='word_1_297' title='bbox 2642 3709 2905 3793; x_wconf 89' lang='lat' dir='ltr'>reginae</span> <span class='ocrx_word' id='word_1_298' title='bbox 2945 3731 3214 3794; x_wconf 87' lang='lat' dir='ltr'>perem-</span> 
     </span>
     <span class='ocr_line' id='line_1_33' title="bbox 732 3806 3217 3895; baseline 0.001 -21"><span class='ocrx_word' id='word_1_299' title='bbox 732 3813 997 3894; x_wconf 88' lang='lat' dir='ltr'>ptorum</span> <span class='ocrx_word' id='word_1_300' title='bbox 1022 3808 1389 3891; x_wconf 81' lang='lat' dir='ltr'>longinquis</span> <span class='ocrx_word' id='word_1_301' title='bbox 1432 3807 1791 3881; x_wconf 84' lang='lat' dir='ltr'>Hiberniae</span> <span class='ocrx_word' id='word_1_302' title='bbox 1814 3807 2187 3890; x_wconf 88' lang='lat' dir='ltr'>regionibus</span> <span class='ocrx_word' id='word_1_303' title='bbox 2216 3806 2618 3889; x_wconf 83' lang='lat' dir='ltr'>divulgatum</span> <span class='ocrx_word' id='word_1_304' title='bbox 2661 3808 2909 3887; x_wconf 87' lang='lat' dir='ltr'>fuisset,</span> <span class='ocrx_word' id='word_1_305' title='bbox 2939 3812 3217 3895; x_wconf 86' lang='lat' dir='ltr'>Aquilo-</span> 
     </span>
     <span class='ocr_line' id='line_1_34' title="bbox 702 3906 3218 3984; baseline 0.002 -10"><span class='ocrx_word' id='word_1_306' title='bbox 702 3909 980 3975; x_wconf 85' lang='lat' dir='ltr'>·nalium</span> <span class='ocrx_word' id='word_1_307' title='bbox 1031 3907 1327 3973; x_wconf 89' lang='lat' dir='ltr'>Guareus</span> <span class='ocrx_word' id='word_1_308' title='bbox 1380 3926 1500 3973; x_wconf 83' lang='lat' dir='ltr'>rex</span> <span class='ocrx_word' id='word_1_309' title='bbox 1570 3907 1917 3984; x_wconf 78' lang='lat' dir='ltr'>antelatuS,</span> <span class='ocrx_word' id='word_1_310' title='bbox 1974 3906 2234 3971; x_wconf 88' lang='lat' dir='ltr'>divinae</span> <span class='ocrx_word' id='word_1_311' title='bbox 2283 3907 2454 3972; x_wconf 89' lang='lat' dir='ltr'>hanc</span> <span class='ocrx_word' id='word_1_312' title='bbox 2508 3908 2825 3974; x_wconf 89' lang='lat' dir='ltr'>ultionem</span> <span class='ocrx_word' id='word_1_313' title='bbox 2880 3910 3218 3979; x_wconf 83' lang='lat' dir='ltr'>vindictae</span> 
     </span>
     <span class='ocr_line' id='line_1_35' title="bbox 736 4006 3217 4089; baseline 0.002 -16"><span class='ocrx_word' id='word_1_314' title='bbox 736 4007 1083 4085; x_wconf 90' lang='lat' dir='ltr'>audiendo,</span> <span class='ocrx_word' id='word_1_315' title='bbox 1128 4026 1260 4071; x_wconf 92' lang='lat' dir='ltr'>non</span> <span class='ocrx_word' id='word_1_316' title='bbox 1301 4007 1486 4072; x_wconf 86' lang='lat' dir='ltr'>flexis</span> <span class='ocrx_word' id='word_1_317' title='bbox 1524 4007 1612 4071; x_wconf 92' lang='lat' dir='ltr'>ad</span> <span class='ocrx_word' id='word_1_318' title='bbox 1640 4006 1852 4071; x_wconf 89' lang='lat' dir='ltr'>Deum</span> <span class='ocrx_word' id='word_1_319' title='bbox 1880 4006 2173 4089; x_wconf 82' lang='lat' dir='ltr'>genibus,</span> <span class='ocrx_word' id='word_1_320' title='bbox 2202 4025 2335 4071; x_wconf 92' lang='lat' dir='ltr'>non</span> <span class='ocrx_word' id='word_1_321' title='bbox 2357 4006 2382 4044; x_wconf 80' lang='lat'>²</span> <span class='ocrx_word' id='word_1_322' title='bbox 2403 4007 2527 4089; x_wconf 88' lang='lat' dir='ltr'>piis</span> <span class='ocrx_word' id='word_1_323' title='bbox 2556 4006 2818 4073; x_wconf 89' lang='lat' dir='ltr'>fletibus</span> <span class='ocrx_word' id='word_1_324' title='bbox 2860 4028 2982 4076; x_wconf 90' lang='lat' dir='ltr'>nec</span> <span class='ocrx_word' id='word_1_325' title='bbox 3011 4013 3217 4078; x_wconf 86' lang='lat' dir='ltr'>corde</span> 
     </span>
     <span class='ocr_line' id='line_1_36' title="bbox 737 4105 3319 4183; baseline 0.004 -13"><span class='ocrx_word' id='word_1_326' title='bbox 737 4108 1014 4171; x_wconf 88' lang='lat' dir='ltr'>contrito</span> <span class='ocrx_word' id='word_1_327' title='bbox 1037 4105 1285 4171; x_wconf 83' lang='lat' dir='ltr'>Excelsi</span> <span class='ocrx_word' id='word_1_328' title='bbox 1314 4126 1356 4171; x_wconf 91' lang='lat' dir='ltr'>a</span> <span class='ocrx_word' id='word_1_329' title='bbox 1404 4126 1476 4171; x_wconf 90' lang='lat' dir='ltr'>se</span> <span class='ocrx_word' id='word_1_330' title='bbox 1518 4107 1685 4170; x_wconf 87' lang='lat' dir='ltr'>iram</span> <span class='ocrx_word' id='word_1_331' title='bbox 1713 4109 2011 4170; x_wconf 89' lang='lat' dir='ltr'>avertere</span> <span class='ocrx_word' id='word_1_332' title='bbox 2054 4105 2409 4183; x_wconf 89' lang='lat' dir='ltr'>nitebatur,</span> <span class='ocrx_word' id='word_1_333' title='bbox 2450 4125 2680 4170; x_wconf 86' lang='lat' dir='ltr'>verum</span> <span class='ocrx_word' id='word_1_334' title='bbox 2726 4108 2926 4173; x_wconf 86' lang='lat' dir='ltr'>etiam</span> <span class='ocrx_word' id='word_1_335' title='bbox 2973 4110 3216 4177; x_wconf 89' lang='lat' dir='ltr'>eadem</span> <span class='ocrx_word' id='word_1_336' title='bbox 3252 4128 3319 4180; x_wconf 72' lang='lat'>3⁸</span> 
     </span>
     <span class='ocr_line' id='line_1_37' title="bbox 738 4205 3217 4288; baseline 0.003 -18"><span class='ocrx_word' id='word_1_337' title='bbox 738 4205 1120 4271; x_wconf 87' lang='lat' dir='ltr'>crudelitate</span> <span class='ocrx_word' id='word_1_338' title='bbox 1142 4210 1340 4288; x_wconf 87' lang='lat' dir='ltr'>atque</span> <span class='ocrx_word' id='word_1_339' title='bbox 1367 4206 1574 4270; x_wconf 90' lang='lat' dir='ltr'>hostis</span> <span class='ocrx_word' id='word_1_340' title='bbox 1618 4205 1870 4288; x_wconf 87' lang='lat' dir='ltr'>antiqui</span> <span class='ocrx_word' id='word_1_341' title='bbox 1899 4205 2185 4270; x_wconf 87' lang='lat' dir='ltr'>versutia</span> <span class='ocrx_word' id='word_1_342' title='bbox 2214 4205 2522 4284; x_wconf 81' lang='lat' dir='ltr'>concituS,</span> <span class='ocrx_word' id='word_1_343' title='bbox 2544 4211 2838 4272; x_wconf 87' lang='lat' dir='ltr'>armatos</span> <span class='ocrx_word' id='word_1_344' title='bbox 2860 4209 3217 4278; x_wconf 59' lang='lat' dir='ltr'>abactores</span> 
     </span>
     <span class='ocr_line' id='line_1_38' title="bbox 735 4305 3218 4391; baseline 0.003 -21"><span class='ocrx_word' id='word_1_345' title='bbox 735 4309 992 4388; x_wconf 88' lang='lat' dir='ltr'>septem</span> <span class='ocrx_word' id='word_1_346' title='bbox 1015 4305 1185 4369; x_wconf 85' lang='lat' dir='ltr'>viros</span> <span class='ocrx_word' id='word_1_347' title='bbox 1212 4305 1502 4370; x_wconf 90' lang='lat' dir='ltr'>locorum</span> <span class='ocrx_word' id='word_1_348' title='bbox 1521 4306 1785 4387; x_wconf 80' lang='lat' dir='ltr'>peritOS‚</span> <span class='ocrx_word' id='word_1_349' title='bbox 1811 4309 2133 4388; x_wconf 90' lang='lat' dir='ltr'>quatenus</span> <span class='ocrx_word' id='word_1_350' title='bbox 2155 4305 2366 4369; x_wconf 89' lang='lat' dir='ltr'>virum</span> <span class='ocrx_word' id='word_1_351' title='bbox 2388 4310 2709 4383; x_wconf 89' lang='lat' dir='ltr'>sanctum,</span> <span class='ocrx_word' id='word_1_352' title='bbox 2743 4307 2926 4372; x_wconf 89' lang='lat' dir='ltr'>cuius</span> <span class='ocrx_word' id='word_1_353' title='bbox 2950 4313 3218 4391; x_wconf 80' lang='lat' dir='ltr'>potenti</span> 
     </span>
     <span class='ocr_line' id='line_1_39' title="bbox 736 4403 3217 4489; baseline 0.001 -19"><span class='ocrx_word' id='word_1_354' title='bbox 736 4405 1011 4487; x_wconf 89' lang='lat' dir='ltr'>imperio</span> <span class='ocrx_word' id='word_1_355' title='bbox 1033 4403 1272 4468; x_wconf 90' lang='lat' dir='ltr'>Christi</span> <span class='ocrx_word' id='word_1_356' title='bbox 1293 4404 1601 4469; x_wconf 90' lang='lat' dir='ltr'>ecclesiae</span> <span class='ocrx_word' id='word_1_357' title='bbox 1622 4404 2025 4487; x_wconf 83' lang='lat' dir='ltr'>persecutrix</span> <span class='ocrx_word' id='word_1_358' title='bbox 2045 4403 2381 4486; x_wconf 88' lang='lat' dir='ltr'>praedicta</span> <span class='ocrx_word' id='word_1_359' title='bbox 2401 4404 2585 4470; x_wconf 79' lang='lat' dir='ltr'>neci⁸</span> <span class='ocrx_word' id='word_1_360' title='bbox 2615 4405 2829 4471; x_wconf 84' lang='lat' dir='ltr'>fuerat</span> <span class='ocrx_word' id='word_1_361' title='bbox 2855 4405 3217 4489; x_wconf 85' lang='lat' dir='ltr'>destinata,</span> 
     </span>
     <span class='ocr_line' id='line_1_40' title="bbox 738 4502 3219 4587; baseline 0.002 -17"><span class='ocrx_word' id='word_1_362' title='bbox 738 4503 1001 4587; x_wconf 91' lang='lat' dir='ltr'>capitali</span> <span class='ocrx_word' id='word_1_363' title='bbox 1040 4503 1365 4568; x_wconf 89' lang='lat' dir='ltr'>sententia</span> <span class='ocrx_word' id='word_1_364' title='bbox 1405 4502 1766 4586; x_wconf 91' lang='lat' dir='ltr'>plecterent</span> <span class='ocrx_word' id='word_1_365' title='bbox 1793 4523 1912 4569; x_wconf 90' lang='lat' dir='ltr'>seu</span> <span class='ocrx_word' id='word_1_366' title='bbox 1927 4503 1956 4541; x_wconf 84' lang='lat'><strong>⁴</strong></span> <span class='ocrx_word' id='word_1_367' title='bbox 2002 4503 2306 4568; x_wconf 90' lang='lat' dir='ltr'>revinctis</span> <span class='ocrx_word' id='word_1_368' title='bbox 2348 4507 2500 4586; x_wconf 88' lang='lat' dir='ltr'>post</span> <span class='ocrx_word' id='word_1_369' title='bbox 2527 4508 2713 4587; x_wconf 86' lang='lat' dir='ltr'>terga</span> <span class='ocrx_word' id='word_1_370' title='bbox 2750 4506 3059 4572; x_wconf 85' lang='lat' dir='ltr'>manibus</span> <span class='ocrx_word' id='word_1_371' title='bbox 3086 4509 3219 4575; x_wconf 89' lang='lat' dir='ltr'>sibi</span> 
     </span>
    </p>
   </div>
   <div class='ocr_carea' id='block_1_3' title="bbox 736 4659 3229 4980">
    <p class='ocr_par' dir='ltr' id='par_1_4' title="bbox 736 4659 3229 4980">
     <span class='ocr_line' id='line_1_41' title="bbox 736 4659 3229 4731; baseline 0.003 -16"><span class='ocrx_word' id='word_1_372' title='bbox 736 4693 803 4704; x_wconf 90' lang='lat'>—-</span> <span class='ocrx_word' id='word_1_373' title='bbox 820 4662 846 4695; x_wconf 82' lang='lat'><strong>⁸</strong></span> <span class='ocrx_word' id='word_1_374' title='bbox 879 4664 980 4726; x_wconf 87' lang='lat' dir='ltr'>(m.</span> <span class='ocrx_word' id='word_1_375' title='bbox 1014 4661 1087 4728; x_wconf 89' lang='lat' dir='ltr'>v.)</span> <span class='ocrx_word' id='word_1_376' title='bbox 1121 4676 1173 4714; x_wconf 91' lang='lat' dir='ltr'>v.</span> <span class='ocrx_word' id='word_1_377' title='bbox 1208 4676 1282 4714; x_wconf 87' lang='lat' dir='ltr'>m.</span> <span class='ocrx_word' id='word_1_378' title='bbox 1312 4661 1461 4718; x_wconf 66' lang='lat' dir='ltr'>AM.</span> <span class='ocrx_word' id='word_1_379' title='bbox 1483 4689 1550 4700; x_wconf 90' lang='lat'>—</span> <span class='ocrx_word' id='word_1_380' title='bbox 1570 4661 1598 4696; x_wconf 78' lang='lat'><strong>⁴</strong></span> <span class='ocrx_word' id='word_1_381' title='bbox 1620 4678 1720 4716; x_wconf 80' lang='lat' dir='ltr'>om.</span> <span class='ocrx_word' id='word_1_382' title='bbox 1742 4661 1809 4715; x_wconf 91' lang='lat' dir='ltr'>L.</span> <span class='ocrx_word' id='word_1_383' title='bbox 1831 4690 1898 4701; x_wconf 90' lang='lat'>—</span> <span class='ocrx_word' id='word_1_384' title='bbox 1921 4660 1945 4694; x_wconf 75' lang='lat'><strong>⁶</strong></span> <span class='ocrx_word' id='word_1_385' title='bbox 1963 4659 2183 4728; x_wconf 89' lang='lat' dir='ltr'>aliquod</span> <span class='ocrx_word' id='word_1_386' title='bbox 2207 4661 2352 4714; x_wconf 60' lang='grc' dir='ltr'>ΜΒ.</span> <span class='ocrx_word' id='word_1_387' title='bbox 2378 4690 2439 4700; x_wconf 89' lang='grc'>-</span> <span class='ocrx_word' id='word_1_388' title='bbox 2462 4662 2487 4696; x_wconf 77' lang='lat'><strong>⁸</strong></span> <span class='ocrx_word' id='word_1_389' title='bbox 2510 4665 2582 4730; x_wconf 86' lang='lat' dir='ltr'>(p.</span> <span class='ocrx_word' id='word_1_390' title='bbox 2604 4661 2645 4716; x_wconf 78' lang='lat' dir='ltr'>f.</span> <span class='ocrx_word' id='word_1_391' title='bbox 2669 4661 2733 4728; x_wconf 89' lang='lat' dir='ltr'>t.)</span> <span class='ocrx_word' id='word_1_392' title='bbox 2758 4662 2791 4715; x_wconf 87' lang='lat' dir='ltr'>f.</span> <span class='ocrx_word' id='word_1_393' title='bbox 2817 4678 2873 4731; x_wconf 86' lang='lat' dir='ltr'>p.</span> <span class='ocrx_word' id='word_1_394' title='bbox 2896 4667 2934 4717; x_wconf 84' lang='lat' dir='ltr'>t.</span> <span class='ocrx_word' id='word_1_395' title='bbox 2960 4665 3059 4730; x_wconf 61' lang='grc' dir='ltr'>λίς</span> <span class='ocrx_word' id='word_1_396' title='bbox 3078 4699 3081 4700; x_wconf 30' lang='lat'><em>⁷</em></span> <span class='ocrx_word' id='word_1_397' title='bbox 3098 4666 3229 4722; x_wconf 56' lang='lat' dir='ltr'>ror:</span> 
     </span>
     <span class='ocr_line' id='line_1_42' title="bbox 738 4743 3221 4879; baseline 0.004 -82"><span class='ocrx_word' id='word_1_398' title='bbox 738 4743 1245 4879; x_wconf 47' lang='grc' dir='ltr'>ῗιξὶζᾌῗῑῗὲῗο</span> <span class='ocrx_word' id='word_1_399' title='bbox 1262 4745 1330 4797; x_wconf 77' lang='grc' dir='ltr'>Δ.</span> <span class='ocrx_word' id='word_1_400' title='bbox 1356 4774 1417 4784; x_wconf 87' lang='grc'><strong>-</strong></span> <span class='ocrx_word' id='word_1_401' title='bbox 1439 4744 1461 4777; x_wconf 78' lang='lat'>“⁸</span> <span class='ocrx_word' id='word_1_402' title='bbox 1486 4744 1733 4798; x_wconf 88' lang='lat' dir='ltr'>discedas</span> <span class='ocrx_word' id='word_1_403' title='bbox 1751 4747 1879 4798; x_wconf 77' lang='lat' dir='ltr'>add.</span> <span class='ocrx_word' id='word_1_404' title='bbox 1901 4745 2135 4818; x_wconf 61' lang='lat' dir='ltr'>AAEL—</span> <span class='ocrx_word' id='word_1_405' title='bbox 2159 4745 2183 4781; x_wconf 80' lang='lat'>⁸</span> <span class='ocrx_word' id='word_1_406' title='bbox 2207 4745 2403 4799; x_wconf 83' lang='lat' dir='ltr'>vixerit</span> <span class='ocrx_word' id='word_1_407' title='bbox 2421 4746 2715 4799; x_wconf 70' lang='lat' dir='ltr'><strong><em>A.H.L.—</em></strong></span> <span class='ocrx_word' id='word_1_408' title='bbox 2739 4746 2762 4781; x_wconf 78' lang='lat'>⁰</span> <span class='ocrx_word' id='word_1_409' title='bbox 2777 4744 3127 4805; x_wconf 71' lang='lat' dir='ltr'>Pomanus</span> <span class='ocrx_word' id='word_1_410' title='bbox 3142 4754 3221 4808; x_wconf 73' lang='lat' dir='ltr'>A.</span> 
     </span>
     <span class='ocr_line' id='line_1_43' title="bbox 807 4866 2479 4980; baseline 0.001 -18"><span class='ocrx_word' id='word_1_411' title='bbox 807 4910 872 4962; x_wconf 73' lang='grc' dir='ltr'>θ.</span> <span class='ocrx_word' id='word_1_412' title='bbox 902 4939 969 4949; x_wconf 91' lang='grc'>-</span> <span class='ocrx_word' id='word_1_413' title='bbox 994 4866 1224 4960; x_wconf 59' lang='lat' dir='ltr'>¹beczi.</span> <span class='ocrx_word' id='word_1_414' title='bbox 1249 4907 1362 4947; x_wconf 72' lang='lat'>—2</span> <span class='ocrx_word' id='word_1_415' title='bbox 1384 4923 1488 4962; x_wconf 86' lang='lat' dir='ltr'>nec</span> <span class='ocrx_word' id='word_1_416' title='bbox 1512 4908 1728 4962; x_wconf 71' lang='grc' dir='ltr'><strong><em>Δ.Ι,.-</em></strong></span> <span class='ocrx_word' id='word_1_417' title='bbox 1753 4884 2130 4980; x_wconf 53' lang='grc' dir='ltr'>*ηωαάῷᾼ</span> <span class='ocrx_word' id='word_1_418' title='bbox 2152 4937 2216 4948; x_wconf 92' lang='grc'>-</span> <span class='ocrx_word' id='word_1_419' title='bbox 2238 4909 2263 4944; x_wconf 81' lang='lat'><strong>⁴</strong></span> <span class='ocrx_word' id='word_1_420' title='bbox 2288 4909 2479 4964; x_wconf 67' lang='lat' dir='ltr'>cequ</span> 
     </span>
    </p>
   </div>
  </div>
 </body>
</html>
