3487 5450
664 607 814 683 200
1227 627 1317 681 m:
1368 607 1613 681 neno
1663 616 2106 679 Lmnnnmo
2156 623 2570 677 Ans-raum.

667 813 918 882 Retiae‘
932 813 1262 881 Curiensis
1287 813 1685 898 provinciae,
1724 812 1960 878 urbem
1997 812 2282 877 Romam
2310 811 2544 877 orandi
2569 811 2782 894 gratia
2816 811 3140 896 disposuit

540 947 545 951 ·
664 912 966 980 invisere.
996 911 1307 980 Genetrix
1334 931 1493 978 vero
1523 912 1683 991 eiuS,
1708 911 1977 977 natione
2015 910 2273 976 iudaica
2311 914 2656 994 procreata
2691 914 2760 977 et
2785 910 2855 977 in
2897 911 3138 978 Christi

662 1013 930 1079 nomine
956 1013 1309 1096 baptizata,
1338 1014 1512 1078 nutu
1547 1010 1768 1077 divino
1794 1011 1860 1077 in
1896 1010 2128 1077 eodem
2156 1010 2388 1077 itinere
2407 1011 2428 1049 ¹
2455 1010 2542 1075 illi
2573 1014 2674 1076 est
2702 1012 3076 1077 consociata
3091 1010 3137 1092 ²,

661 1116 817 1197 post
861 1113 1147 1180 reditum
1206 1132 1361 1178 vero
1418 1110 1836 1177 matrimonio
1890 1110 2214 1194 copulata.
2261 1109 2420 1175 Post
2473 1110 2639 1177 haec
2685 1111 3023 1177 venientes
3069 1112 3140 1177 in

661 1211 922 1289 vallem,
963 1232 1135 1297 quae
1162 1211 1454 1278 Venusta
1496 1210 1732 1276 dicitur
1759 1211 1871 1295 (1),
1905 1209 2126 1294 ibique
2165 1210 2380 1276 locum
2421 1210 2754 1275 desertum
2796 1211 3136 1291 adeuntes,
3172 1226 3208 1276 δ

634 1314 1171 1383 *construxerunt
1204 1302 1652 1378 habitaculum
1697 1313 1898 1393 atque
1940 1310 2205 1389 ibidem,
2235 1308 2372 1375 Deo
2414 1309 2749 1393 largiente,
2776 1315 3142 1393 genuerunt

666 1411 892 1490 filium,
923 1430 1121 1495 quem
1154 1410 2035 1477 nominaverunt-florinum.

752 1516 823 1598 ²:
872 1509 1168 1594 Cumque
1223 1509 1441 1574 bonae
1494 1509 1730 1575 indolis
1785 1528 1952 1593 puer
2009 1527 2305 1573 crescens
2368 1508 2732 1590 proficeret,
2788 1512 3099 1592 parentes
3117 1511 3141 1549 ¹

667 1608 806 1675 eius
832 1609 903 1673 in
927 1609 1071 1681 loco
1094 1607 1562 1674 Heremusciae
1601 1607 1881 1674 Domino
1924 1606 2102 1671 illum
2131 1607 2506 1672 obtulerunt
2549 1626 2832 1690 eumque
2879 1608 3142 1673 cuidam

632 1788 635 1793 Δ
663 1707 964 1791 religioso
991 1708 1396 1791 presbytero,
1420 1707 1684 1773 nomine
1711 1707 2109 1785 AlexandrO,
2133 1707 2203 1770 in
2232 1705 2504 1772 ecclesia
2533 1705 2758 1771 Sancti
2781 1707 2956 1772 Petri
2984 1726 3146 1792 apo-
3184 1718 3248 1769 ιο

666 1806 816 1872 stoli
842 1806 981 1873 Deo
1011 1806 1354 1873 famulanti
1385 1806 2015 1872 commendaverunt
2043 1809 2109 1870 et
2141 1805 2342 1871 sacris
2368 1804 2601 1870 litteris
2643 1806 2844 1871 imbui
2873 1826 3144 1890 rogave-

663 1910 839 1972 runt.
867 1906 1060 1972 Dedit
1087 1910 1314 1972 autem
1342 1905 1661 1972 Dominus
1705 1906 1922 1970 eidem
1948 1924 2155 1988 puero
2182 1904 2460 1988 gratiam
2498 1904 2788 1971 discendi
2815 1909 3016 1990 atque
3059 1907 3145 1973 de

662 2005 904 2071 virtute
925 2004 995 2070 in
1017 2005 1336 2071 virtutem
1364 2004 1766 2089 proficiendi.
1813 2003 2103 2070 Gemens
2143 2005 2366 2087 itaque
2394 2003 2770 2069 Alexander
2797 2006 3146 2089 presbyter

664 2104 937 2170 beatum
975 2104 1308 2170 Florinum
1352 2105 1765 2170 diversarum
1803 2104 2205 2180 incremento
2245 2104 2560 2168 virtutum
2589 2103 2673 2169 de
2713 2103 2819 2168 die
2860 2105 2928 2169 in
2965 2105 3143 2171 diem

662 2203 1002 2289 proficere,
1031 2203 1245 2287 coepit
1272 2224 1429 2270 eum
1456 2202 1658 2268 nimio
1700 2222 1925 2268 amore
1966 2206 2035 2267 et
2055 2201 2302 2267 honore
2344 2201 2626 2288 diligere,
2654 2221 2789 2267 non
2831 2202 3144 2269 dubitans
3184 2213 3253 2264 ⁴5

666 2302 890 2369 omnia
914 2304 1091 2369 bona
1117 2323 1239 2368 sua
1265 2303 1433 2368 illius
1476 2301 1921 2386 procurationi
1949 2301 2373 2367 committere.
2415 2300 2731 2367 Dominus
2758 2321 2916 2368 vero
2959 2302 3143 2369 dedit

656 2419 858 2486 >servo
886 2420 1005 2467 suo
1025 2400 1284 2466 F'lorino
1311 2404 1539 2466 tantae
1569 2400 1889 2465 ubertatis
1918 2400 2422 2482 prosperitatem
2450 2399 2517 2463 in
2554 2400 2858 2466 omnibus
2902 2402 3143 2484 quibus

667 2500 812 2583 ipse
836 2499 1140 2584 praefuit,
1162 2501 1299 2565 sive
1320 2500 1390 2569 in
1409 2500 1666 2579 horre0,
1689 2500 1829 2564 sive
1846 2499 1914 2563 in
1937 2498 2216 2577 cellari0,
2239 2499 2376 2563 sive
2393 2500 2418 2536 ⁸
2440 2498 2507 2562 in
2528 2500 2760 2564 ceteris
2784 2502 3150 2583 possessio-

667 2598 885 2679 nibus,
911 2602 990 2664 ut
1029 2599 1113 2664 de
1140 2598 1243 2664 his
1268 2617 1688 2682 nequaquam
1719 2597 1965 2681 aliquid
2005 2616 2124 2681 per
2152 2616 2345 2662 usum
2369 2597 2744 2662 videretur⁸
2769 2598 2994 2678 minui,
3023 2600 3148 2665 sed

670 2698 893 2783 potius
931 2697 1197 2782 augeri⁴
1224 2698 1332 2763 et⁴
1358 2695 1793 2781 multiplicari.
1819 2695 1955 2763 Sed
1981 2696 2038 2762 si
2063 2696 2188 2763 hoc
2228 2695 2420 2764 alicui
2461 2696 2834 2763 incredibile
2863 2697 3152 2779 videtur,
3189 2715 3263 2768 20

671 2798 973 2882 sequenti
997 2798 1310 2864 miraculo
1338 2816 1569 2863 verum
1599 2816 1745 2863 esse
1764 2797 2186 2879 cognoscitur.

754 2905 826 2963 3.
872 2895 1178 2964 Castrum
1208 2897 1450 2981 quippe
1484 2895 1663 2962 haud
1700 2895 1928 2979 procul
1957 2915 1999 2960 a
2037 2895 2189 2960 villa
2216 2896 2416 2961 situm
2444 2899 2605 2973 erat,
2637 2896 2814 2979 quod
2842 2896 3151 2964 Canicias

672 2996 1025 3080 appellant,
1047 2997 1113 3061 in
1144 3016 1275 3081 quo
1303 2995 1553 3061 incolae
1579 2995 1702 3060 loci
1730 2994 1901 3060 illius
1929 3000 2202 3077 propter
2228 2999 2479 3060 metum
2506 3013 2915 3078 paganorum
2944 2996 3155 3061 facul-

669 3098 845 3161 tates
871 3114 1026 3161 suas
1052 3094 1519 3160 recondebant.
1547 3094 1609 3159 A
1630 3113 1763 3178 quo
1793 3098 2010 3159 castro
2050 3094 2285 3159 beatus
2325 3093 2622 3158 Florinus
2664 3096 2981 3177 magistro
3024 3114 3154 3161 suo

667 3195 741 3261 in
777 3215 936 3261 usus
980 3194 1370 3260 cottidianos
1412 3193 1637 3258 vinum
1676 3197 1743 3258 et
1784 3196 2023 3272 cetera,
2058 3212 2228 3275 quae
2268 3193 2465 3257 victui
2514 3193 2886 3259 necessaria
2933 3198 3156 3275 erant,
3197 3213 3273 3263 *ιι

671 3294 927 3362 deferre
954 3296 1400 3359 consueverat.
1431 3292 1735 3371 Quadam
1762 3292 1984 3375 itaque
2012 3290 2118 3357 die
2146 3311 2295 3357 cum
2316 3291 2383 3356 in
2406 3292 2638 3358 eodem
2668 3297 2883 3358 castro
2916 3292 3164 3360 flasco-

672 3414 827 3460 nem
853 3394 1007 3459 vino
1033 3393 1353 3476 impleret,
1382 3392 1785 3476 domumque
1814 3391 2076 3470 rediret,
2106 3390 2337 3457 mulier
2378 3393 2705 3474 quaedam
2744 3394 3166 3476 paupercula

673 3493 940 3559 nomine
965 3491 1362 3557 Maximiana
1388 3491 1475 3556 illi
1503 3491 1813 3569 obviavit,
1837 3509 2118 3575 eumque
2145 3492 2381 3556 marito
2403 3510 2522 3556 suo
2552 3493 2919 3574 aegrotanti
2939 3495 3171 3560 modi-

676 3612 829 3659 cum
846 3593 978 3657 vini
1004 3592 1267 3657 mittere
1292 3591 1667 3675 postulavit.
1696 3591 1787 3656 At
1813 3590 1937 3670 ille,
1977 3594 2051 3655 ut
2094 3594 2237 3656 erat
2280 3590 2796 3673 benignissimus,
2838 3592 3170 3660 misertus

676 3691 1114 3776 pauperculae
1156 3690 1341 3770 illius,
1369 3691 1597 3755 vinum
1638 3693 1872 3768 totum,
1916 3689 2094 3772 quod
2121 3689 2188 3753 in
2228 3689 2514 3754 flascone
2556 3689 2697 3768 fuit,
2719 3690 2986 3756 vasculo
3030 3712 3172 3760 suo
3216 3716 3289 3769 30

678 3790 947 3868 infudit;
973 3794 1173 3873 atque
1192 3793 1265 3854 ut
1289 3789 1573 3854 eundem
1593 3788 1948 3854 flasconem
1970 3788 2205 3853 iterum
2232 3788 2384 3853 vino
2410 3786 2713 3872 repleret,
2741 3789 2829 3855 ad
2857 3795 3175 3859 castrum

682 3890 898 3956 denuo
917 3888 1275 3972 repedavit.
1290 3889 1425 3953 Sed
1445 3888 1602 3971 quia
1620 3888 1873 3954 actibus
1894 3888 2217 3953 bonorum
2239 3908 2501 3971 semper
2520 3889 2954 3955 adversantur
2974 3890 3180 3960 facta

679 3990 1024 4067 malorum,
1072 3988 1364 4053 eiusdem
1412 3988 1609 4053 castri
1649 3989 1997 4070 portariuS,
2017 3987 2281 4052 nomine
2309 3986 2533 4065 Ursus,
2563 4007 2851 4071 suusque
2894 3991 3185 4059 eondis-

683 4088 933 4173 cipulus
949 4090 974 4128 ¹
1007 4087 1289 4153 invidiae
1322 4088 1472 4153 odio
1509 4087 1760 4171 repleti,
1811 4092 2086 4170 portam
2129 4087 2500 4152 clauserunt
2557 4106 2839 4171 eumque
2880 4090 3184 4160 minime

683 4188 928 4254 intrare
947 4186 1408 4270 permiserunt.
1438 4186 1624 4251 Alter
1663 4187 1838 4251 enim
1867 4206 2093 4251 eorum
2132 4191 2392 4270 portam
2421 4186 2771 4264 obseravit,
2799 4187 2968 4254 alter
2994 4209 3186 4261 vero
3229 4213 3304 4267 :35

685 4286 774 4353 ad
792 4285 1241 4352 Alexandnnn
1274 4286 1731 4370 presbyterum
1773 4285 2042 4351 festinus
2074 4286 2387 4350 cucurrrit
2430 4290 2495 4350 et
2522 4305 2660 4351 rem
2692 4289 2948 4369 gestam
2989 4288 3192 4358 invi-

685 4386 869 4453 diose
902 4385 1243 4452 nuntiavit.
1270 4386 1514 4452 Beatus
1552 4403 1705 4468 ergo
1743 4385 2036 4450 Florinus
2063 4385 2291 4450 videns
2322 4385 2446 4450 sibi
2496 4386 2691 4451 castri
2721 4386 2888 4451 illius
2925 4395 3194 4472 negari

687 4486 1044 4566 introitum,
1073 4485 1286 4570 coepit
1313 4485 1567 4551 anxiari
1601 4485 1760 4569 quid
1788 4489 2042 4568 ageret3
2070 4484 2190 4550 sed
2223 4484 2506 4550 confisus
2524 4485 2594 4549 in
2622 4484 2901 4552 Domino
2921 4486 3198 4558 flasco-

759 4670 817 4721 1.
847 4667 1203 4721 —1munere
1223 4666 1643 4722 G.—²sociata
1669 4668 1738 4721 G.

751 4752 815 4808 Β.
844 4751 1222 4818 —2queadd.
1244 4749 1609 4804 H.-²sicut
1627 4749 2084 4804 (rt—'videatur
2108 4752 2260 4805 6.-
2282 4750 2428 4804 ⁴0m.
2455 4750 2533 4804 G..

752 4833 816 4894 8.
845 4860 917 4871 -
932 4833 956 4867 ¹
977 4830 1280 4901 discipulus
1298 4833 1375 4887 Π.

748 4995 829 5068 (ι)
848 4994 1096 5052 venut-
1116 4995 1308 5062 vulis,
1336 4996 1647 5063 vemet-qua
1680 4996 1899 5062 (πνοι).
