3487 5450
1077 569 1503 622 wemmam
1549 570 2000 624 msammms.
2668 551 2760 625 21

288 780 533 846 pauca,
548 761 623 825 in
647 760 905 846 reliquis
926 759 1237 825 mensibus
1256 760 1453 825 multo
1474 760 1694 845 plura,
1713 766 2004 845 —prout
2029 758 2272 843 libebat,
2306 762 2656 847 exscripsit.
2681 760 2769 826 In

301 859 845 946 quibusncerptis
873 865 961 923 est
987 858 1096 923 ubi
1121 879 1266 924 cum
1291 858 1602 925 Bernensi
1639 859 1846 929 codice
1872 861 1986 945 (1),
2028 866 2118 925 est
2159 858 2429 926 ubicum
2473 860 2770 926 Wissem·

302 959 594 1045 burqensi
618 960 730 1043 (2),
759 966 845 1024 est
886 967 942 1023 et
982 959 1089 1022 ubi
1127 980 1270 1024 cum
1312 960 1523 1045 aliquo
1578 960 2021 1045 martyroloqii
2061 955 2394 1042 breviario,
2436 982 2494 1026 v.
2529 981 2593 1046 9.
2622 980 2770 1026 cum

299 1058 774 1123 Richenooiensi
790 1060 882 1143 (3)
921 1065 1035 1122 aut
1076 1079 1219 1122 cum
1262 1058 1571 1123 Fuldensi
1597 1060 1689 1143 (4)
1739 1060 2062 1124 conveniat
2118 1058 2492 1142 Wolfkardi
2543 1066 2768 1139 temus,

301 1164 373 1222 ut
390 1178 610 1242 reapse
628 1157 887 1239 definire
914 1178 1041 1222 non
1066 1158 1390 1222 valeamus
1410 1166 1626 1222 utrum
1656 1178 1856 1222 unum
1880 1179 1968 1222 an
1988 1159 2191 1243 plura
2219 1158 2632 1243 exemplaria,
2657 1159 2768 1225 sed

301 1264 356 1321 et
376 1258 560 1343 quale
578 1258 899 1342 exemplar
922 1266 1144 1321 nactus
1171 1259 1255 1323 sit
1272 1258 1616 1322 monachus
1642 1257 2045 1323 Haserensis.

392 1439 680 1520 Qualiter
700 1447 910 1504 autem
936 1439 1101 1505 hisce
1119 1442 1253 1504 suis
1275 1439 1576 1522 fontibus,
1606 1460 1766 1525 quae
1793 1460 1995 1524 supra
2023 1441 2464 1523 recensuimus,
2489 1460 2642 1506 usus
2660 1441 2767 1506 ille

299 1540 397 1620 sit,
422 1542 557 1604 iam
598 1539 953 1604 dicendum.
1005 1540 1178 1620 Quae
1206 1539 1632 1625 undequaque,
1661 1547 1731 1603 ut
1773 1539 2068 1621 vidimus,
2111 1540 2490 1623 compilavit,
2529 1560 2607 1605 ea
2650 1539 2767 1603 hoc

295 1640 641 1723 yeneratim
670 1638 889 1703 ordine
908 1639 1218 1722 disposuit
1275 1639 1691 1723 Wolfliardus
1718 1640 1832 1723 (5),
1865 1646 1935 1703 ut
1966 1640 2054 1703 ad
2078 1640 2360 1724 sinyulos
2386 1640 2519 1704 dies
2536 1641 2765 1725 primo

300 1739 429 1802 loco
500 1739 777 1803 venirent
817 1741 1221 1803 narrationes
1276 1759 1351 1802 ex
1398 1739 1735 1822 Scriptura
1786 1740 1877 1803 vel
1925 1760 2002 1804 es:
2063 1738 2227 1803 Vitis
2269 1739 2648 1804 Sanctorum
2693 1740 2767 1803 in

299 1840 599 1921 epitomen
648 1844 919 1919 coactae,
980 1845 1114 1901 tum
1154 1838 1450 1923 quicquid
1488 1859 1563 1902 ex
1612 1838 1836 1903 Adone
1863 1840 1980 1921 (vel
2027 1838 2333 1919 Notkero)
2360 1839 2760 1923 desumptum

301 1944 402 2016 est,
449 1937 700 2000 demum
722 1938 978 2001 nomina
1000 1958 1075 2001 ex
1101 1936 1412 2001 codicibus
1436 1937 1937 2022 hieronymianis
1965 1937 2275 2021 excerpta:

385 2034 491 2100 Ea
514 2056 653 2100 vero
681 2038 840 2100 satis
865 2038 1194 2117 incuriose,
1214 2043 1410 2119 prout
1431 2037 1553 2100 sibi
1572 2037 1659 2099 ad
1680 2057 1914 2101 manu-s
1936 2045 2140 2116 erant,
2162 2038 2481 2122 conqessit,
2511 2044 2583 2102 ut
2593 2044 2769 2121 post-

301 2155 494 2221 quam
522 2135 743 2220 aliqua
787 2136 889 2199 die
930 2137 1301 2200 memoriam
1341 2136 1674 2200 cuiusdam
1717 2138 1924 2201 sancti
1963 2157 2039 2200 ex
2082 2157 2209 2200 uno
2247 2136 2423 2218 fonte
2449 2142 2769 2219 acceptam

300 2235 555 2318 scriptis
583 2234 968 2314 mandasset,
999 2256 1125 2299 non
1152 2256 1308 2300 raro
1343 2236 1545 2299 altera
1574 2236 1676 2299 die
1705 2235 1965 2299 eundem
2009 2242 2299 2300 sanctum
2326 2256 2403 2300 ex
2430 2237 2561 2300 alio
2592 2236 2767 2318 fonte

302 2354 532 2399 rursus
586 2336 659 2398 in
710 2334 1239 2419 martyroloqium
1293 2355 1478 2398 suum
1530 2337 1841 2419 reciperet.
1883 2334 2191 2418 Exemplo
2239 2336 2367 2399 sint
2416 2334 2773 2399 Pontianus

303 2440 514 2514 mart„
556 2433 648 2497 ad
674 2433 737 2499 d.
780 2436 864 2497 15
901 2440 1094 2497 mart.
1141 2436 1426 2517 (epitome
1468 2433 1823 2518 Passionis)
1867 2441 1922 2498 et
1964 2435 2047 2497 19
2071 2435 2208 2497 ian.
2253 2435 2358 2519 (ex
2384 2434 2653 2518 Adone),
2691 2471 2772 2483 —

303 2531 595 2613 Chionia,
623 2532 807 2597 Irene
831 2539 889 2596 et
917 2535 1154 2616 Ayape,
1196 2535 1234 2596 1
1278 2554 1423 2616 apr.
1470 2541 1525 2597 et
1554 2533 1595 2596 4
1624 2553 1787 2617 apr„
1819 2568 1900 2579 —·
1940 2539 2259 2617 martyres
2287 2531 2762 2617 Luqdunenses,

298 2632 345 2693 2
364 2632 501 2697 iun.
523 2633 625 2717 (ex
643 2632 891 2715 Adone)
906 2640 961 2696 et
980 2633 1021 2696 4
1039 2632 1154 2695 iul.
1179 2632 1281 2716 (ex
1299 2631 1583 2714 Rufino),
1597 2631 2129 2717 —Monequndis,
2143 2634 2179 2694 1
2202 2638 2257 2695 et
2277 2633 2323 2695 2
2339 2632 2481 2714 iul„
2495 2669 2578 2679 —
2612 2632 2770 2696 Ger-

300 2752 534 2795 manus
554 2731 1114 2811 Autisiodorensis,
1126 2733 1209 2795 31
1231 2733 1343 2796 iul.
1374 2735 1659 2817 (epitome
1695 2731 1900 2814 Vitae)
1924 2739 1979 2796 et
2001 2735 2038 2796 1
2062 2739 2176 2797 oct.
2197 2732 2300 2814 (ex
2326 2731 2592 2815 Adone),
2615 2769 2696 2781 —
2716 2739 2773 2797 d

293 2833 671 2914 praesertim
717 2830 982 2909 Probus,
1043 2830 1375 2895 Tarachus
1429 2839 1485 2896 et
1526 2832 1959 2908 Andronicus,
2008 2834 2119 2916 qui
2183 2838 2279 2895 ter
2333 2824 2695 2916 comparent
2748 2855 2773 2895 .·

295 2934 341 2994 5
362 2952 509 3015 apr.
557 2932 842 3014 (epitome
885 2930 1262 3014 Passionis),
1296 2932 1375 2995 13
1399 2934 1536 2995 mai
1564 2934 1665 3014 (ex
1693 2931 2145 3016 martyroloqio
2172 2931 2684 3015 hieronymiano)
2714 2938 2772 2994 et

299 3032 381 3094 11
411 3037 527 3094 oct.
557 3030 659 3112 (esc
682 3029 954 3112 Adone).

381 3127 660 3193 Subinde
685 3129 871 3192 etiam
893 3130 1139 3207 factum
1160 3136 1247 3192 est
1278 3136 1344 3192 ut
1372 3128 1636 3193 diversis
1665 3129 1880 3193 diebus
1913 3150 2037 3193 non
2066 3129 2269 3194 solum
2301 3129 2469 3193 idem
2496 3136 2759 3193 sanctus

293 3226 759 3309 inscriberetur,
787 3227 895 3291 sed
922 3234 979 3290 et
999 3227 1271 3292 eiusdem
1300 3227 1628 3313 Leqendae
1654 3228 1821 3291 duae
1841 3227 2124 3293 diversae
2149 3230 2454 3312 epitomae
2474 3250 2517 3292 a
2565 3228 2772 3312 Wolf-

295 3327 507 3391 hardo
520 3335 1048 3411 componerentur,
1064 3334 1133 3390 ut
1156 3328 1384 3392 accidit
1409 3330 1478 3391 in
1501 3327 1821 3392 Matthaeo
1840 3328 2117 3412 apostolo
2140 3329 2209 3413 (6
2231 3329 2364 3391 mai
2384 3335 2439 3392 et
2467 3329 2546 3392 21
2567 3335 2770 3412 sepi),

296 3429 444 3491 etin
475 3426 745 3491 Daniele
759 3426 1067 3510 propheta
1100 3428 1208 3508 (21
1236 3427 1349 3490 iul.
1369 3434 1425 3491 et
1446 3428 1525 3492 11
1547 3426 1723 3509 dea).

387 3528 557 3606 Quin
581 3529 771 3590 etiam
801 3547 925 3589 non
953 3546 1108 3590 raro
1128 3546 1195 3590 eo
1222 3526 1630 3610 neqleqentiae
1657 3527 1768 3606 vel,
1796 3527 1855 3589 si
1882 3528 2024 3611 quis
2053 3527 2314 3607 mavult,
2344 3527 2583 3591 nimiae
2619 3526 2771 3590 dili-

289 3628 540 3712 qentiae
566 3625 803 3690 devenit
827 3633 1050 3704 noster,
1080 3632 1149 3688 ut
1179 3646 1312 3690 una
1342 3625 1675 3711 eademque
1695 3626 1797 3690 die
1816 3627 1910 3690 bis
1937 3621 2199 3690 eundem
2235 3633 2525 3691 sanctum
2561 3627 2767 3690 nomi-

295 3731 503 3790 naret.
544 3725 649 3788 Sic
692 3723 782 3787 ad
811 3725 874 3789 d.
906 3726 991 3788 22
1018 3727 1239 3788 martii
1269 3728 1485 3808 primo
1527 3726 1658 3788 loco
1688 3727 2036 3809 exscriptus
2065 3733 2152 3788 est
2183 3733 2386 3789 textus
2413 3724 2665 3790 Adonis
2691 3724 2770 3788 de

298 3824 512 3890 Paulo
540 3823 950 3898 Narbonensi,
969 3832 1099 3887 tum
1124 3826 1433 3904 continuo,
1446 3824 1714 3888 secundo
1743 3844 1960 3908 nempe
1977 3824 2125 3900 loco,
2139 3824 2364 3888 addita
2392 3832 2479 3888 est
2507 3844 2769 3888 comme-

297 3926 574 3988 moratio
601 3922 870 3987 eiusdem
893 3922 1091 3987 Pauli
1111 3945 1186 3987 ex
1206 3923 1417 3986 hieron
1422 3925 1732 4007 ymianis,·
1752 3960 1833 3971 —
1865 3925 2007 3987 item
2031 3924 2118 3986 ad
2141 3923 2205 3988 d.
2230 3925 2311 3987 16
2334 3944 2476 4008 apr.
2499 3922 2769 3988 secundo

367 4109 440 4172 (1)
477 4107 562 4160 Ita
591 4121 642 4158 v.
661 4105 1082 4174 g.Wolfha1-dus
1105 4106 1193 4159 ad.
1221 4106 1271 4159 d.
1293 4107 1361 4159 25
1383 4111 1541 4160 mart.
1577 4126 1591 4159 z
1626 4109 1814 4160 Iuvini
1836 4110 2062 4174 insuper
2082 4107 2504 4172 Burqundionis
2536 4114 2585 4160 et
2612 4108 2768 4173 Tsyls

300 4193 586 4256 martyris.
603 4188 912 4242 Immolatio
934 4206 1142 4257 quoque
1164 4190 1328 4243 Isaac
1345 4191 1453 4254 filii
1467 4191 1751 4243 Abraham
1777 4192 1893 4257 piis
1915 4190 2228 4242 lectionibus
2250 4197 2611 4252 annotantur,-
2624 4204 2768 4257 quae

301 4271 557 4327 conferas
578 4270 746 4324 velim
769 4287 896 4324 cum
918 4274 1032 4324 Act.
1048 4272 1160 4334 SS„
1179 4271 1313 4325 Nov.
1337 4276 1376 4325 t.
1400 4272 1462 4335 11,
1482 4273 1527 4333 1,
1549 4288 1600 4340 p.
1623 4269 1752 4339 [36].
1773 4299 1836 4308 -
1862 4271 1934 4335 (9.)
1949 4270 2033 4324 Ita
2048 4271 2117 4323 ad
2134 4271 2188 4323 d.
2204 4270 2273 4324 m
2289 4270 2406 4325 dec.
2431 4271 2647 4324 :Iulius
2670 4272 2771 4323 sci·

300 4358 424 4410 licet
443 4357 502 4407 in
532 4354 750 4416 Tracia‚
774 4354 1069 4418 Zeferinus
1092 4355 1284 4418 Roma,
1308 4357 1366 4407 in
1394 4355 1606 4408 Oriente
1629 4354 1923 4407 Liberatus
1946 4361 1993 4407 et
2024 4355 2196 4417 Tecla,
2218 4355 2551 4406 Anastasius
2572 4355 2770 4421 episco-

290 4455 422 4507 pus.
445 4436 526 4491 Cf.
553 4439 671 4489 Act.
707 4437 793 4489 SS
811 4476 825 4498 ,
847 4439 884 4489 t.
910 4452 969 4495 c..
993 4452 1044 4504 p.
1080 4434 1250 4504 [155];
1282 4436 1388 4489 vid.
1413 4436 1579 4490 etiam
1606 4439 1774 4489 Anat.
1798 4436 1958 4499 Bou„
1981 4439 2018 4489 t.
2043 4436 2108 4498 11,
2131 4452 2184 4504 p.
2207 4436 2289 4489 33.
2311 4464 2378 4473 —
2398 4435 2472 4501 (3)
2506 4434 2589 4488 lta
2610 4434 2681 4488 ad
2714 4435 2768 4488 d.

302 4519 329 4572 1
368 4517 521 4571 im:
555 4517 621 4572 Ut
649 4517 1093 4581 martyroloqium
1128 4518 1309 4570 Bcdae
1342 4525 1390 4570 et
1431 4519 1755 4584 Hieronymi
1787 4520 2053 4585 pandunt,
2086 4517 2142 4571 S.
2168 4518 2474 4571 Nicomedis
2505 4518 2770 4570 dedicatio
2849 4515 2860 4524 “

300 4602 596 4653 invenitur.
614 4597 693 4651 Cf.
716 4600 835 4651 Act.
849 4599 961 4661 SS„
979 4603 1016 4652 t.
1040 4615 1103 4662 c„
1125 4614 1177 4666 p.
1202 4597 1333 4666 [70].
1354 4627 1417 4636 -
1439 4600 1511 4664 (4)
1536 4600 1615 4652 lta
1636 4599 1707 4651 ad
1729 4597 1782 4653 d.
1805 4598 1841 4651 4
1861 4614 1989 4652 nov,
2011 4618 2024 4652 ε
2051 4601 2360 4652 Pin-minius
2381 4616 2504 4652 vero
2530 4601 2770 4652 Gonnus-

301 4684 393 4735 dis
417 4682 744 4734 monasterio
783 4682 1043 4746 diynitate
1076 4689 1348 4735 tractatur
1369 4684 1589 4735 eximia.
1622 4681 1700 4735 Cf.
1735 4682 1892 4735 Anal.
1919 4683 2075 4745 Bon„
2111 4685 2150 4735 t.
2173 4681 2214 4745 1,
2236 4696 2287 4749 p.
2308 4681 2391 4734 44.
2414 4709 2481 4720 —
2501 4682 2577 4745 (5)
2612 4680 2769 4746 Quae

300 4762 526 4830 singulis
548 4761 745 4815 diebus
761 4761 995 4827 collegit.
1017 4778 1098 4824 ea,
1112 4762 1230 4817 sivo
1251 4762 1427 4816 multa.
1448 4768 1577 4816 sunt
1609 4767 1667 4816 et
1687 4763 1798 4816 duo
1823 4763 2028 4830 integra
2061 4762 2194 4816 folia
2223 4762 2469 4830 implent,
2502 4762 2619 4816 sive
2641 4778 2772 4830 pau-

300 4843 521 4898 cissima
558 4847 619 4898 ot
650 4842 744 4897 vix
778 4843 970 4897 decem
1000 4843 1159 4899 lineis
1192 4848 1459 4909 constant,
1499 4846 1587 4900 vix
1629 4860 1745 4898 non
1783 4860 2002 4914 semper
2031 4845 2089 4899 in
2128 4849 2241 4898 troe
2278 4844 2543 4899 lectiones
2585 4843 2772 4899 divisit

300 4924 679 4980 wolfhardus.
