3487 5450
760 577 911 652 394
1499 595 1942 650 umanum
1993 594 2526 649 srsmrmnsu.

759 793 800 853 t.
836 785 1054 871 1V,.p
1080 786 1254 870 507).
1293 784 1468 850 Nam
1498 784 1845 867 annalista,
1876 784 2188 869 capellani
2214 804 2470 849 munere
2500 782 2677 869 apud
2707 783 2773 849 S.
2790 783 3218 852 Willibaldum

758 886 1043 952 ecclesiae
1090 884 1468 950 cathedralis
1511 884 1922 970 Eystettensis
1958 884 2239 967 functus,
2290 885 2423 948 iam
2468 903 2638 948 anno
2679 884 2845 949 1364
2887 883 3053 950 obiit.
3093 886 3219 970 (Cf.

753 984 1230 1052 Pastoralblatt
1256 983 1390 1049 des
1426 983 1760 1050 Bisthums
1788 983 2165 1064 Eichstaett,
2217 985 2401 1065 1880,
2443 1004 2514 1068 p.
2534 984 2648 1067 84,·
2688 983 3220 1052 Kirchenlexikon

766 1083 1125 1151 auctoribus
1154 1082 1958 1169 Herymroether-Kaulen,
1987 1091 2030 1149 t.
2075 1082 2155 1165 V,
2180 1084 2291 1149 col.
2321 1084 2530 1168 1720).

845 1182 1129 1249 Nomina
1184 1182 1646 1265 benefactorum
1692 1182 1965 1248 coenobii
2005 1181 2471 1265 Rebdorfensis,
2518 1203 2687 1247 anno
2731 1183 2896 1248 1806
2939 1191 3223 1249 exaucto-

758 1284 906 1365 rati,
953 1304 1112 1369 quae
1144 1281 1482 1347 Heinricus
1527 1283 1687 1346 inter
1715 1282 1996 1368 sinqulos
2023 1281 2155 1347 dies
2197 1284 2535 1346 memoriae
2561 1281 2855 1364 tradidit,
2882 1284 3224 1347 omisimus.

845 1382 1001 1448 Dies
1016 1382 1324 1465 festorum
1348 1381 1740 1465 publicorum
1772 1380 1984 1445 rubris
2011 1380 2477 1447 characteribus
2503 1382 2805 1445 excellunt
2819 1404 2846 1461 ;
2865 1401 2979 1446 nos
3006 1381 3227 1447 litteris

759 1480 1110 1547 maioribus
1136 1480 1565 1546 distinximus.

849 1727 1295 1813 Manuscripta
1313 1726 1638 1811 permulta
1666 1733 1723 1790 et
1739 1729 2024 1812 pretiosa
2050 1727 2421 1791 monasterii
2447 1726 3028 1811 Hailsbronnensis,
3074 1726 3226 1792 Ord.

767 1825 919 1892 Gist.
941 1826 1021 1891 ab
1048 1826 1267 1892 Ottone
1287 1828 1587 1911 episcopo,
1609 1827 1791 1891 cuius
1809 1827 1955 1891 laus
1975 1827 2139 1890 inter
2160 1825 2646 1911 Bamberyenses
2663 1847 3017 1912 numquam
3040 1829 3225 1891 inter·

761 1928 1053 2008 moritur,
1083 1947 1144 1991 a.
1175 1925 1262 1990 D.
1295 1926 1459 1989 1132
1475 1945 1675 2010 prope
1704 1923 2192 1990 Onolzbachium
2220 1927 2393 1989 intra
2432 1923 2588 2007 fines
2616 1925 2952 1991 dioeceseos
2980 1925 3224 2010 Eystet-

762 2027 952 2089 tensis
996 2024 1281 2108 fundati,
1320 2024 1409 2088 ad
1448 2026 1692 2107 reqiam
1743 2023 2163 2090 bibliothecam
2219 2024 2419 2088 studii
2460 2025 2769 2109 yeneralis
2817 2023 3231 2110 Erzanqmss

751 2144 954 2209 prope
985 2122 1467 2208 Norimberyam
1496 2123 1815 2188 translata
1850 2129 2015 2187 sunt.
2060 2122 2208 2188 Iam
2242 2144 2304 2187 a.
2347 2123 2435 2188 D.
2481 2124 2642 2187 1731
2685 2123 2777 2188 M.
2818 2123 2956 2189 Ioh.
2986 2123 3230 2189 Ludov.

763 2222 1014 2288 Hocker
1049 2225 1121 2287 in
1157 2243 1354 2306 opere,
1397 2222 1565 2308 quod
1610 2224 1936 2306 inscripsit
1971 2245 1994 2287 .·
2038 2222 2440 2288 Bibliotheca
2489 2222 3063 2289 Hailsbronnensis
3101 2225 3231 2290 sive

764 2322 1098 2405 catalogus
1141 2322 1451 2387 librorum
1482 2326 1548 2387 et
1583 2322 2197 2405 manuscriptorum,
2235 2320 2347 2385 hos
2389 2322 2623 2386 codices
2658 2329 2990 2408 utcumque
3030 2334 3230 2388 recen·

762 2423 890 2486 suit
899 2443 927 2502 ,·
954 2423 1318 2485 accuratius
1344 2441 1488 2485 vero
1514 2420 1756 2486 eosdem
1785 2421 2115 2502 descripsit
2158 2420 2250 2485 D‘
2293 2420 2635 2486 Irmischer
2673 2420 3233 2503 (Handschrit’ten·

761 2520 1039 2604 Katalog
1094 2520 1212 2585 der
1260 2520 1385 2603 kgl.
1433 2519 2264 2586 Universitiits-Bibliothek
2320 2540 2397 2585 zu
2462 2520 2804 2604 Erlangen.
2863 2519 3229 2605 Frankfurt

765 2620 950 2701 1852,
980 2619 1187 2703 in-80).

848 2716 1054 2784 Porro
1110 2716 1549 2783 calendarium
1608 2716 1761 2782 libri
1804 2717 2083 2783 missalis
2138 2738 2295 2783 saec.
2354 2716 2547 2783 XIII
2592 2716 2773 2800 mbr„
2831 2719 2944 2804 qui
2996 2719 3068 2784 in
3123 2718 3234 2784 hoc

768 2817 1050 2901 cataloqo
1091 2819 1380 2903 siynatus
1407 2824 1496 2881 est
1537 2816 1673 2882 cod.
1710 2817 1854 2897 448,
1883 2819 2424 2901 transcripsimus.
2472 2817 2857 2900 Conferatur
2902 2818 3231 2898 Gsonams,

768 2916 1296 3001 Martyrologium
1316 2917 1588 2994 AdoniS‚
1620 2916 1860 2982 Romae
1891 2916 2074 2998 1744,
2089 2937 2157 3000 p.
2183 2917 2473 2981 710-714.

853 3015 936 3080 In
964 3014 1274 3080 codicibus
1315 3015 1442 3080 439
1475 3021 1531 3080 et
1569 3014 1696 3080 440
1731 3019 2125 3080 continentur
2165 3016 2447 3080 lectiones
2488 3023 2543 3079 et
2579 3015 2862 3081 collectae
2892 3037 3013 3101 per
3038 3025 3232 3081 totum

773 3136 1038 3196 annum,
1068 3135 1120 3180 s.
1150 3114 1259 3179 XI
1277 3114 1334 3177 V
1354 3114 1509 3179 mbr.
1517 3137 1548 3196 ,·
1579 3135 1847 3200 quorum
1889 3113 2261 3179 calendaria
2292 3117 2360 3178 in
2404 3114 2689 3178 omnibus
2722 3115 2857 3198 fere
2886 3115 3239 3180 nominibus

773 3221 1126 3300 conqruunt
1154 3234 1297 3277 cum
1325 3213 1688 3278 calendario
1715 3234 1782 3276 n.
1816 3214 1959 3278 448.
1992 3212 2205 3299 Neque
2246 3213 2433 3278 aliter
2460 3213 2794 3294 dicendum
2822 3221 2913 3279 est
2938 3215 3014 3280 de
3040 3214 3240 3279 codice

774 3334 840 3378 n.
860 3314 1004 3395 555,
1033 3312 1203 3398 quod
1228 3319 1317 3377 est
1343 3312 1781 3376 lectionarium
1809 3311 2013 3377 tribus
2040 3315 2223 3378 tomis
2242 3312 2517 3377 divisum
2546 3332 2597 3377 s.
2629 3311 2815 3377 XIV
2832 3314 2994 3379 mbr.

869 3412 1106 3477 Contra
1135 3411 1325 3476 codex
1348 3432 1416 3477 n.
1449 3411 1575 3476 463
1604 3435 1625 3475 .·
1650 3411 1843 3477 Liber
1865 3412 1952 3477 ad
1970 3399 2344 3478 hab’endam
2364 3412 2660 3477 notitiam
2693 3412 2894 3477 divini
2914 3412 3103 3479 officii
3119 3433 3241 3498 per

783 3511 1082 3577 Fratrem
1110 3510 1418 3576 Iohannis
1439 3511 1798 3576 Dotiatoris
1827 3510 2060 3576 exhibet
2082 3511 2318 3596 aliquot
2346 3532 2507 3575 nova
2536 3513 2820 3575 nomina.

875 3610 1084 3676 Codex
1110 3617 1317 3674 autem
1348 3631 1413 3675 n.
1441 3611 1564 3674 264
1584 3633 1606 3674 .·
1634 3610 2096 3680 Calendarium
2123 3611 2384 3693 reginae
2414 3610 2740 3690 Franciae,
2771 3631 2823 3675 s.
2856 3610 3046 3692 XIV,
3072 3631 3241 3696 spem

785 3710 1042 3775 editoris
1067 3709 1315 3793 fefellit,
1345 3730 1485 3773 cum
1507 3710 1615 3773 vix
1625 3729 1844 3793 pauca
1871 3729 2036 3774 nova
2064 3711 2325 3773 nomina
2349 3708 2644 3775 exhibeat.

1974 3899 2058 3965 IV

873 4047 1134 4113 Missale
1171 4046 1582 4131 Eystettensis
1631 4049 1902 4131 episcopi
1959 4046 2302 4112 Guilhelmi
2348 4046 2425 4111 de
2465 4046 2843 4127 Reichenau,
2881 4069 3046 4113 anno
3081 4048 3250 4111 1466

787 4167 984 4212 manu
1007 4148 1331 4230 scriptum,
1354 4146 1521 4231 quod
1542 4154 1904 4211 asseri-atur
1924 4148 1997 4211 cin
2020 4146 2376 4212 bibliotheca
2399 4147 2545 4211 ordi
2547 4149 2841 4212 nariatus
2862 4146 3247 4232 episcopalis,

788 4252 958 4311 caret
978 4245 1359 4310 calendario.

870 4345 1199 4410 Editiones
1227 4344 1504 4408 missalis
1532 4345 1722 4408 annis
1755 4344 1937 4426 1486,
1966 4344 2130 4409 1489
2166 4347 2503 4428 impressae
2530 4344 2753 4408 desunt
2782 4346 2852 4408 in
2880 4343 3246 4410 bibliothecis

789 4454 846 4510 et
886 4443 1159 4509 archivis
1196 4442 1716 4528 Eystettensibus;
1753 4443 1862 4509 sed
1897 4450 2099 4509 exstat
2143 4445 2210 4506 in
2261 4442 2616 4508 bibliotheca
2657 4444 2835 4529 reyia
2882 4444 3252 4529 Eystettemi

788 4545 975 4610 tertia
1003 4543 1192 4608 editio
1221 4563 1391 4607 anno
1422 4544 1585 4608 1494
1608 4543 1809 4624 facta.
1843 4543 2056 4629 Siquis
2110 4542 2452 4608 Guilhelmi
2477 4549 2628 4608 nota
2656 4542 2926 4609 subiecta
2954 4551 3035 4609 est
3053 4567 3074 4606 .·
3098 4542 3250 4608 Hoc

786 4663 952 4728 opus
1000 4643 1390 4726 impressum
1448 4647 1548 4709 est
1594 4643 1822 4726 Eystet
1877 4662 2080 4727 opera
2129 4646 2193 4708 et
2242 4643 2541 4726 impensa
2587 4642 3132 4712 Reverendissimi
3184 4643 3250 4706 in

789 4742 1048 4808 Christo
1086 4741 1300 4807 Patris
1337 4746 1402 4807 et
1450 4742 1593 4807 Dfii.
1638 4742 1764 4807 Dfii
1816 4743 2160 4809 Guilhelmi
2208 4743 2291 4808 de
2339 4743 2716 4809 Reichenau
2753 4744 2894 4827 Epi.
2924 4744 3254 4827 Eysteten.

789 4841 1145 4925 dignissimi
1186 4861 1360 4906 anno
1403 4841 1593 4907 salut.
1624 4861 2148 4908 mcccctxxxxnn.
2183 4862 2286 4906 1111.
2331 4842 2495 4926 ydus
2533 4842 2670 4907 Iulii
2710 4862 2831 4926 per
2871 4844 3253 4925 magistrum

789 4933 1168 5008 Michaelem
1195 4942 1468 5024 Reyser,
1498 4942 1610 5026 qui
1639 4947 1705 5008 et
1737 4943 2013 5026 insignia
2043 4943 2455 5027 episcopatus
2482 4942 2794 5026 Eysteten
2819 4947 3013 5028 atque
3037 4941 3257 5008 Reve-
