<?xml version="1.0" encoding="UTF-8"?>
<!DOCTYPE html PUBLIC "-//W3C//DTD XHTML 1.0 Transitional//EN"
    "http://www.w3.org/TR/xhtml1/DTD/xhtml1-transitional.dtd">
<html xmlns="http://www.w3.org/1999/xhtml" xml:lang="en" lang="en">
 <head>
  <title>
</title>
<meta http-equiv="Content-Type" content="text/html;charset=utf-8" />
  <meta name='ocr-system' content='tesseract 3.04.00' />
  <meta name='ocr-capabilities' content='ocr_page ocr_carea ocr_par ocr_line ocrx_word'/>
</head>
<body>
  <div class='ocr_page' id='page_1' title='image "analectabolland01bollgoog_0220.png"; bbox 0 0 3487 5450; ppageno 0'>
   <div class='ocr_carea' id='block_1_1' title="bbox 759 545 2648 624">
    <p class='ocr_par' dir='ltr' id='par_1_1' title="bbox 759 545 2648 624">
     <span class='ocr_line' id='line_1_1' title="bbox 759 545 2648 624; baseline 0.001 -4"><span class='ocrx_word' id='word_1_1' title='bbox 759 545 905 624; x_wconf 68' lang='lat'><strong>210</strong></span> <span class='ocrx_word' id='word_1_2' title='bbox 1314 567 1402 620; x_wconf 84' lang='lat' dir='ltr'><strong>m:</strong></span> <span class='ocrx_word' id='word_1_3' title='bbox 1454 565 1693 620; x_wconf 62' lang='lat' dir='ltr'><strong>maeno</strong></span> <span class='ocrx_word' id='word_1_4' title='bbox 1745 564 2186 620; x_wconf 72' lang='lat' dir='ltr'><strong>neenunmo</strong></span> <span class='ocrx_word' id='word_1_5' title='bbox 2235 565 2648 621; x_wconf 69' lang='lat' dir='ltr'><strong>Ausrauco.</strong></span> 
     </span>
    </p>
   </div>
   <div class='ocr_carea' id='block_1_2' title="bbox 758 755 3218 1222">
    <p class='ocr_par' dir='ltr' id='par_1_2' title="bbox 758 755 3218 1222">
     <span class='ocr_line' id='line_1_2' title="bbox 825 755 3215 827; baseline 0.002 -14"><span class='ocrx_word' id='word_1_6' title='bbox 825 758 1010 827; x_wconf 79' lang='lat' dir='ltr'><strong>Neque</strong></span> <span class='ocrx_word' id='word_1_7' title='bbox 1028 757 1347 826; x_wconf 84' lang='lat' dir='ltr'><strong>opusculum</strong></span> <span class='ocrx_word' id='word_1_8' title='bbox 1375 755 1509 811; x_wconf 87' lang='lat' dir='ltr'><strong>illud</strong></span> <span class='ocrx_word' id='word_1_9' title='bbox 1533 772 1825 813; x_wconf 76' lang='lat' dir='ltr'>censemus</span> <span class='ocrx_word' id='word_1_10' title='bbox 1848 755 2136 821; x_wconf 85' lang='lat' dir='ltr'><strong>edendum,</strong></span> <span class='ocrx_word' id='word_1_11' title='bbox 2154 773 2280 813; x_wconf 90' lang='lat' dir='ltr'><strong>cum</strong></span> <span class='ocrx_word' id='word_1_12' title='bbox 2303 757 2372 814; x_wconf 85' lang='lat' dir='ltr'><strong>sit</strong></span> <span class='ocrx_word' id='word_1_13' title='bbox 2392 773 2547 813; x_wconf 87' lang='lat' dir='ltr'><strong>mera</strong></span> <span class='ocrx_word' id='word_1_14' title='bbox 2563 760 2871 814; x_wconf 85' lang='lat' dir='ltr'><strong>retractatio</strong></span> <span class='ocrx_word' id='word_1_15' title='bbox 2890 764 3215 818; x_wconf 67' lang='lat' dir='ltr'><strong>narrationis</strong></span> 
     </span>
     <span class='ocr_line' id='line_1_3' title="bbox 760 856 3218 931; baseline 0.002 -18"><span class='ocrx_word' id='word_1_16' title='bbox 760 857 1063 924; x_wconf 83' lang='lat' dir='ltr'><strong>Nicephori‚</strong></span> <span class='ocrx_word' id='word_1_17' title='bbox 1080 856 1330 910; x_wconf 75' lang='lat' dir='ltr'><strong>Berensis</strong></span> <span class='ocrx_word' id='word_1_18' title='bbox 1349 856 1548 919; x_wconf 87' lang='lat' dir='ltr'><strong>clerici,</strong></span> <span class='ocrx_word' id='word_1_19' title='bbox 1570 872 1711 925; x_wconf 79' lang='lat' dir='ltr'><strong>quae</strong></span> <span class='ocrx_word' id='word_1_20' title='bbox 1728 872 1841 911; x_wconf 90' lang='lat' dir='ltr'><strong>non</strong></span> <span class='ocrx_word' id='word_1_21' title='bbox 1860 856 2031 910; x_wconf 87' lang='lat' dir='ltr'><strong>semel</strong></span> <span class='ocrx_word' id='word_1_22' title='bbox 2050 857 2199 911; x_wconf 86' lang='lat' dir='ltr'><strong>edita</strong></span> <span class='ocrx_word' id='word_1_23' title='bbox 2231 863 2314 913; x_wconf 81' lang='lat' dir='ltr'><strong>est</strong></span> <span class='ocrx_word' id='word_1_24' title='bbox 2328 859 2665 924; x_wconf 85' lang='lat' dir='ltr'><strong>(1).Te1tum</strong></span> <span class='ocrx_word' id='word_1_25' title='bbox 2706 875 2903 927; x_wconf 85' lang='lat' dir='ltr'><strong>nempe</strong></span> <span class='ocrx_word' id='word_1_26' title='bbox 2923 860 3218 931; x_wconf 74' lang='lat' dir='ltr'><strong>Nicephori</strong></span> 
     </span>
     <span class='ocr_line' id='line_1_4' title="bbox 761 955 3218 1023; baseline 0.002 -12"><span class='ocrx_word' id='word_1_27' title='bbox 761 956 922 1011; x_wconf 83' lang='lat' dir='ltr'><strong>modo</strong></span> <span class='ocrx_word' id='word_1_28' title='bbox 940 957 1219 1022; x_wconf 81' lang='lat' dir='ltr'>exscripsit</span> <span class='ocrx_word' id='word_1_29' title='bbox 1236 971 1543 1023; x_wconf 73' lang='lat' dir='ltr'>anonymus</span> <span class='ocrx_word' id='word_1_30' title='bbox 1562 960 1899 1020; x_wconf 74' lang='lat' dir='ltr'><strong>retractator,</strong></span> <span class='ocrx_word' id='word_1_31' title='bbox 1914 955 2081 1010; x_wconf 89' lang='lat' dir='ltr'><strong>modo</strong></span> <span class='ocrx_word' id='word_1_32' title='bbox 2100 956 2217 1011; x_wconf 88' lang='lat' dir='ltr'><strong>aliis</strong></span> <span class='ocrx_word' id='word_1_33' title='bbox 2233 957 2414 1012; x_wconf 82' lang='lat' dir='ltr'><strong>verbis</strong></span> <span class='ocrx_word' id='word_1_34' title='bbox 2431 957 2716 1020; x_wconf 85' lang='lat' dir='ltr'><strong>enarravit,</strong></span> <span class='ocrx_word' id='word_1_35' title='bbox 2733 960 2901 1011; x_wconf 85' lang='lat' dir='ltr'><strong>modo</strong></span> <span class='ocrx_word' id='word_1_36' title='bbox 2922 963 3218 1015; x_wconf 73' lang='lat' dir='ltr'><strong>contraxit.</strong></span> 
     </span>
     <span class='ocr_line' id='line_1_5' title="bbox 761 1052 3216 1124; baseline 0.002 -15"><span class='ocrx_word' id='word_1_37' title='bbox 761 1055 915 1109; x_wconf 87' lang='lat' dir='ltr'><strong>Illum</strong></span> <span class='ocrx_word' id='word_1_38' title='bbox 938 1057 1126 1107; x_wconf 88' lang='lat' dir='ltr'><strong>autem</strong></span> <span class='ocrx_word' id='word_1_39' title='bbox 1147 1052 1191 1106; x_wconf 84' lang='lat' dir='ltr'>N</span> <span class='ocrx_word' id='word_1_40' title='bbox 1194 1053 1458 1121; x_wconf 86' lang='lat' dir='ltr'><strong>icephoro</strong></span> <span class='ocrx_word' id='word_1_41' title='bbox 1479 1059 1624 1109; x_wconf 88' lang='lat' dir='ltr'><strong>certe</strong></span> <span class='ocrx_word' id='word_1_42' title='bbox 1645 1053 1998 1124; x_wconf 78' lang='lat' dir='ltr'><strong>posteriorem</strong></span> <span class='ocrx_word' id='word_1_43' title='bbox 2020 1070 2140 1109; x_wconf 79' lang='lat' dir='ltr'><strong>esse</strong></span> <span class='ocrx_word' id='word_1_44' title='bbox 2160 1059 2279 1110; x_wconf 85' lang='lat' dir='ltr'><strong>tum</strong></span> <span class='ocrx_word' id='word_1_45' title='bbox 2297 1057 2473 1110; x_wconf 82' lang='lat' dir='ltr'><strong>multa</strong></span> <span class='ocrx_word' id='word_1_46' title='bbox 2495 1055 2800 1115; x_wconf 86' lang='lat' dir='ltr'><strong>ostendunt.</strong></span> <span class='ocrx_word' id='word_1_47' title='bbox 2819 1063 2933 1110; x_wconf 89' lang='lat' dir='ltr'><strong>tum</strong></span> <span class='ocrx_word' id='word_1_48' title='bbox 2955 1058 3043 1112; x_wconf 80' lang='lat' dir='ltr'><strong>vel</strong></span> <span class='ocrx_word' id='word_1_49' title='bbox 3060 1060 3216 1113; x_wconf 82' lang='lat' dir='ltr'><strong>solus</strong></span> 
     </span>
     <span class='ocr_line' id='line_1_6' title="bbox 758 1153 2670 1222; baseline 0.001 -14"><span class='ocrx_word' id='word_1_50' title='bbox 758 1154 857 1208; x_wconf 86' lang='lat' dir='ltr'><strong>iste</strong></span> <span class='ocrx_word' id='word_1_51' title='bbox 880 1153 1051 1214; x_wconf 84' lang='lat' dir='ltr'><strong>locus.</strong></span> <span class='ocrx_word' id='word_1_52' title='bbox 1066 1168 1233 1221; x_wconf 87' lang='lat' dir='ltr'><strong>quem</strong></span> <span class='ocrx_word' id='word_1_53' title='bbox 1252 1153 1564 1209; x_wconf 84' lang='lat' dir='ltr'><strong>exscribere</strong></span> <span class='ocrx_word' id='word_1_54' title='bbox 1584 1153 1753 1209; x_wconf 82' lang='lat' dir='ltr'><strong>iuvat.</strong></span> <span class='ocrx_word' id='word_1_55' title='bbox 1770 1153 1850 1208; x_wconf 79' lang='lat' dir='ltr'><strong>lta</strong></span> <span class='ocrx_word' id='word_1_56' title='bbox 1874 1169 2074 1222; x_wconf 83' lang='lat' dir='ltr'><strong>nempe</strong></span> <span class='ocrx_word' id='word_1_57' title='bbox 2092 1153 2148 1208; x_wconf 87' lang='lat' dir='ltr'><strong>in</strong></span> <span class='ocrx_word' id='word_1_58' title='bbox 2164 1154 2347 1209; x_wconf 83' lang='lat' dir='ltr'><strong>media</strong></span> <span class='ocrx_word' id='word_1_59' title='bbox 2363 1155 2670 1210; x_wconf 75' lang='lat' dir='ltr'><strong>narratione</strong></span> 
     </span>
    </p>
   </div>
   <div class='ocr_carea' id='block_1_3' title="bbox 760 1300 3220 2357">
    <p class='ocr_par' dir='ltr' id='par_1_3' title="bbox 1221 1300 2896 1384">
     <span class='ocr_line' id='line_1_7' title="bbox 1221 1300 2896 1384; baseline 0.002 -18"><span class='ocrx_word' id='word_1_60' title='bbox 1221 1300 1279 1366; x_wconf 91' lang='lat' dir='ltr'>N</span> <span class='ocrx_word' id='word_1_61' title='bbox 1283 1321 1615 1367; x_wconf 76' lang='lat' dir='ltr'><strong>iceruoaus</strong></span> <span class='ocrx_word' id='word_1_62' title='bbox 1656 1301 1767 1384; x_wconf 82' lang='lat'><strong>(2).</strong></span> <span class='ocrx_word' id='word_1_63' title='bbox 2545 1304 2896 1370; x_wconf 54' lang='lat' dir='ltr'><strong>Auernus,</strong></span> 
     </span>
    </p>

    <p class='ocr_par' dir='ltr' id='par_1_4' title="bbox 760 1398 3220 2357">
     <span class='ocr_line' id='line_1_8' title="bbox 839 1398 3218 1485; baseline 0.003 -23"><span class='ocrx_word' id='word_1_64' title='bbox 839 1398 1094 1483; x_wconf 87' lang='lat' dir='ltr'><strong>Quique</strong></span> <span class='ocrx_word' id='word_1_65' title='bbox 1111 1405 1564 1483; x_wconf 83' lang='lat' dir='ltr'><strong>percurrentes</strong></span> <span class='ocrx_word' id='word_1_66' title='bbox 1577 1400 1820 1465; x_wconf 88' lang='lat' dir='ltr'><strong>multae</strong></span> <span class='ocrx_word' id='word_1_67' title='bbox 1833 1398 2108 1482; x_wconf 84' lang='lat' dir='ltr'><strong>longitu·</strong></span> <span class='ocrx_word' id='word_1_68' title='bbox 2316 1400 2559 1467; x_wconf 90' lang='lat' dir='ltr'><strong>Dehinc</strong></span> <span class='ocrx_word' id='word_1_69' title='bbox 2569 1422 2688 1485; x_wconf 88' lang='lat' dir='ltr'><strong>per</strong></span> <span class='ocrx_word' id='word_1_70' title='bbox 2700 1404 3026 1469; x_wconf 87' lang='lat' dir='ltr'><strong>maritima</strong></span> <span class='ocrx_word' id='word_1_71' title='bbox 3036 1406 3218 1469; x_wconf 85' lang='lat' dir='ltr'><strong>navi·</strong></span> 
     </span>
     <span class='ocr_line' id='line_1_9' title="bbox 760 1497 3220 1585; baseline 0.002 -23"><span class='ocrx_word' id='word_1_72' title='bbox 760 1497 926 1563; x_wconf 87' lang='lat' dir='ltr'><strong>dinis</strong></span> <span class='ocrx_word' id='word_1_73' title='bbox 980 1499 1125 1577; x_wconf 81' lang='lat' dir='ltr'><strong>iter,</strong></span> <span class='ocrx_word' id='word_1_74' title='bbox 1182 1506 1370 1564; x_wconf 90' lang='lat' dir='ltr'><strong>nocte</strong></span> <span class='ocrx_word' id='word_1_75' title='bbox 1432 1500 1538 1563; x_wconf 88' lang='lat' dir='ltr'><strong>illa</strong></span> <span class='ocrx_word' id='word_1_76' title='bbox 1594 1499 1978 1580; x_wconf 85' lang='lat' dir='ltr'><strong>quieverunt</strong></span> <span class='ocrx_word' id='word_1_77' title='bbox 2035 1498 2103 1563; x_wconf 91' lang='lat' dir='ltr'><strong>in</strong></span> <span class='ocrx_word' id='word_1_78' title='bbox 2224 1502 2454 1582; x_wconf 77' lang='lat' dir='ltr'><strong>gantes</strong></span> <span class='ocrx_word' id='word_1_79' title='bbox 2482 1499 2642 1578; x_wconf 89' lang='lat' dir='ltr'><strong>loca,</strong></span> <span class='ocrx_word' id='word_1_80' title='bbox 2669 1520 2837 1584; x_wconf 89' lang='lat' dir='ltr'><strong>quae</strong></span> <span class='ocrx_word' id='word_1_81' title='bbox 2878 1521 2997 1567; x_wconf 89' lang='lat' dir='ltr'><strong>nos</strong></span> <span class='ocrx_word' id='word_1_82' title='bbox 3025 1522 3220 1585; x_wconf 90' lang='lat' dir='ltr'><strong>prae·</strong></span> 
     </span>
     <span class='ocr_line' id='line_1_10' title="bbox 760 1597 3218 1682; baseline 0.002 -20"><span class='ocrx_word' id='word_1_83' title='bbox 760 1597 920 1676; x_wconf 85' lang='lat' dir='ltr'><strong>loc0‚</strong></span> <span class='ocrx_word' id='word_1_84' title='bbox 986 1599 1097 1681; x_wconf 87' lang='lat' dir='ltr'><strong>qui</strong></span> <span class='ocrx_word' id='word_1_85' title='bbox 1160 1597 1391 1664; x_wconf 89' lang='lat' dir='ltr'><strong>dicitur</strong></span> <span class='ocrx_word' id='word_1_86' title='bbox 1459 1598 1805 1675; x_wconf 78' lang='lat' dir='ltr'><strong>Caccavus3</strong></span> <span class='ocrx_word' id='word_1_87' title='bbox 1877 1597 2112 1663; x_wconf 87' lang='lat' dir='ltr'><strong>deinde</strong></span> <span class='ocrx_word' id='word_1_88' title='bbox 2233 1598 2504 1663; x_wconf 89' lang='lat' dir='ltr'><strong>terimus</strong></span> <span class='ocrx_word' id='word_1_89' title='bbox 2580 1603 2848 1682; x_wconf 89' lang='lat' dir='ltr'><strong>propter</strong></span> <span class='ocrx_word' id='word_1_90' title='bbox 2931 1601 3218 1666; x_wconf 88' lang='lat' dir='ltr'><strong>barbara</strong></span> 
     </span>
     <span class='ocr_line' id='line_1_11' title="bbox 763 1695 3216 1784; baseline 0.002 -23"><span class='ocrx_word' id='word_1_91' title='bbox 763 1700 1179 1763; x_wconf 87' lang='lat' dir='ltr'><strong>transeuntes</strong></span> <span class='ocrx_word' id='word_1_92' title='bbox 1228 1698 1439 1763; x_wconf 90' lang='lat' dir='ltr'><strong>locum</strong></span> <span class='ocrx_word' id='word_1_93' title='bbox 1487 1697 1883 1775; x_wconf 86' lang='lat' dir='ltr'><strong>Maiestram‚</strong></span> <span class='ocrx_word' id='word_1_94' title='bbox 1933 1695 2112 1780; x_wconf 74' lang='lat' dir='ltr'><strong>post-&#39;</strong></span> <span class='ocrx_word' id='word_1_95' title='bbox 2232 1697 2515 1776; x_wconf 85' lang='lat' dir='ltr'><strong>nomina,</strong></span> <span class='ocrx_word' id='word_1_96' title='bbox 2546 1698 2859 1781; x_wconf 88' lang='lat' dir='ltr'><strong>compulsi</strong></span> <span class='ocrx_word' id='word_1_97' title='bbox 2902 1704 3052 1764; x_wconf 89' lang='lat' dir='ltr'><strong>sunt</strong></span> <span class='ocrx_word' id='word_1_98' title='bbox 3094 1721 3216 1784; x_wconf 89' lang='lat' dir='ltr'><strong>per</strong></span> 
     </span>
     <span class='ocr_line' id='line_1_12' title="bbox 766 1796 3218 1883; baseline 0.001 -21"><span class='ocrx_word' id='word_1_99' title='bbox 766 1816 965 1879; x_wconf 88' lang='lat' dir='ltr'><strong>quam</strong></span> <span class='ocrx_word' id='word_1_100' title='bbox 995 1797 1079 1862; x_wconf 91' lang='lat' dir='ltr'><strong>ad</strong></span> <span class='ocrx_word' id='word_1_101' title='bbox 1101 1796 1457 1879; x_wconf 84' lang='lat' dir='ltr'><strong>profundas</strong></span> <span class='ocrx_word' id='word_1_102' title='bbox 1479 1796 1883 1862; x_wconf 86' lang='lat' dir='ltr'><strong>devenerunt</strong></span> <span class='ocrx_word' id='word_1_103' title='bbox 1905 1815 2111 1883; x_wconf 88' lang='lat' dir='ltr'><strong>aquas</strong></span> <span class='ocrx_word' id='word_1_104' title='bbox 2236 1799 2576 1862; x_wconf 82' lang='lat' dir='ltr'><strong>ventorum</strong></span> <span class='ocrx_word' id='word_1_105' title='bbox 2599 1796 2972 1863; x_wconf 84' lang='lat' dir='ltr'><strong>violentiam</strong></span> <span class='ocrx_word' id='word_1_106' title='bbox 2997 1800 3218 1865; x_wconf 86' lang='lat' dir='ltr'><strong>venire</strong></span> 
     </span>
     <span class='ocr_line' id='line_1_13' title="bbox 766 1893 3219 1978; baseline 0.001 -18"><span class='ocrx_word' id='word_1_107' title='bbox 766 1896 984 1975; x_wconf 84' lang='lat' dir='ltr'><strong>maris,</strong></span> <span class='ocrx_word' id='word_1_108' title='bbox 1028 1896 1218 1960; x_wconf 85' lang='lat' dir='ltr'><strong>valde</strong></span> <span class='ocrx_word' id='word_1_109' title='bbox 1266 1893 1563 1976; x_wconf 87' lang='lat' dir='ltr'><strong>impediri</strong></span> <span class='ocrx_word' id='word_1_110' title='bbox 1617 1898 1975 1978; x_wconf 88' lang='lat' dir='ltr'><strong>coeperunt</strong></span> <span class='ocrx_word' id='word_1_111' title='bbox 2024 1895 2116 1961; x_wconf 89' lang='lat' dir='ltr'><strong>eis</strong></span> <span class='ocrx_word' id='word_1_112' title='bbox 2238 1894 2326 1961; x_wconf 84' lang='lat' dir='ltr'><strong>ad</strong></span> <span class='ocrx_word' id='word_1_113' title='bbox 2344 1895 2649 1962; x_wconf 87' lang='lat' dir='ltr'><strong>Pateram</strong></span> <span class='ocrx_word' id='word_1_114' title='bbox 2672 1895 3021 1974; x_wconf 85' lang='lat' dir='ltr'><strong>civitatem,</strong></span> <span class='ocrx_word' id='word_1_115' title='bbox 3044 1898 3219 1964; x_wconf 89' lang='lat' dir='ltr'><strong>unde</strong></span> 
     </span>
     <span class='ocr_line' id='line_1_14' title="bbox 767 1993 3218 2077; baseline 0.001 -18"><span class='ocrx_word' id='word_1_116' title='bbox 767 1995 1026 2059; x_wconf 87' lang='lat' dir='ltr'><strong>flatibus</strong></span> <span class='ocrx_word' id='word_1_117' title='bbox 1064 1997 1131 2059; x_wconf 92' lang='lat' dir='ltr'><strong>et</strong></span> <span class='ocrx_word' id='word_1_118' title='bbox 1172 1998 1387 2072; x_wconf 81' lang='lat' dir='ltr'><strong>vente,</strong></span> <span class='ocrx_word' id='word_1_119' title='bbox 1433 1994 1544 2076; x_wconf 91' lang='lat' dir='ltr'><strong>qui</strong></span> <span class='ocrx_word' id='word_1_120' title='bbox 1585 1993 1818 2058; x_wconf 88' lang='lat' dir='ltr'><strong>dicitur</strong></span> <span class='ocrx_word' id='word_1_121' title='bbox 1861 1993 2114 2077; x_wconf 86' lang='lat' dir='ltr'><strong>Aquil0‚</strong></span> <span class='ocrx_word' id='word_1_122' title='bbox 2239 1998 2493 2060; x_wconf 89' lang='lat' dir='ltr'><strong>constat</strong></span> <span class='ocrx_word' id='word_1_123' title='bbox 2547 1994 2816 2059; x_wconf 88' lang='lat' dir='ltr'><strong>beatum</strong></span> <span class='ocrx_word' id='word_1_124' title='bbox 2878 1993 3218 2062; x_wconf 88' lang='lat' dir='ltr'><strong>Nicolaum</strong></span> 
     </span>
     <span class='ocr_line' id='line_1_15' title="bbox 765 2090 2779 2175; baseline 0 -18"><span class='ocrx_word' id='word_1_125' title='bbox 765 2091 1081 2158; x_wconf 88' lang='lat' dir='ltr'><strong>obiciente</strong></span> <span class='ocrx_word' id='word_1_126' title='bbox 1104 2111 1175 2157; x_wconf 91' lang='lat' dir='ltr'><strong>se</strong></span> <span class='ocrx_word' id='word_1_127' title='bbox 1198 2091 1290 2157; x_wconf 91' lang='lat' dir='ltr'><strong>eis</strong></span> <span class='ocrx_word' id='word_1_128' title='bbox 1305 2111 1513 2175; x_wconf 91' lang='lat' dir='ltr'><strong>usque</strong></span> <span class='ocrx_word' id='word_1_129' title='bbox 1535 2092 1622 2157; x_wconf 90' lang='lat' dir='ltr'><strong>ad</strong></span> <span class='ocrx_word' id='word_1_130' title='bbox 1636 2091 1948 2157; x_wconf 85' lang='lat' dir='ltr'><strong>Pataram</strong></span> <span class='ocrx_word' id='word_1_131' title='bbox 1970 2090 2122 2157; x_wconf 83' lang='lat' dir='ltr'><strong>civi·</strong></span> <span class='ocrx_word' id='word_1_132' title='bbox 2241 2091 2587 2157; x_wconf 86' lang='lat' dir='ltr'><strong>oriundum</strong></span> <span class='ocrx_word' id='word_1_133' title='bbox 2616 2112 2779 2158; x_wconf 89' lang='lat' dir='ltr'><strong>esse.</strong></span> 
     </span>
     <span class='ocr_line' id='line_1_16' title="bbox 765 2189 2113 2269; baseline -0.001 -12"><span class='ocrx_word' id='word_1_134' title='bbox 765 2196 987 2269; x_wconf 84' lang='lat' dir='ltr'><strong>tatem,</strong></span> <span class='ocrx_word' id='word_1_135' title='bbox 1036 2191 1213 2256; x_wconf 90' lang='lat' dir='ltr'><strong>unde</strong></span> <span class='ocrx_word' id='word_1_136' title='bbox 1251 2189 1368 2255; x_wconf 90' lang='lat' dir='ltr'><strong>Dei</strong></span> <span class='ocrx_word' id='word_1_137' title='bbox 1415 2190 1749 2256; x_wconf 83' lang='lat' dir='ltr'><strong>confessor</strong></span> <span class='ocrx_word' id='word_1_138' title='bbox 1802 2189 2113 2256; x_wconf 88' lang='lat' dir='ltr'><strong>oriundus</strong></span> 
     </span>
     <span class='ocr_line' id='line_1_17' title="bbox 766 2290 1724 2357; baseline -0.002 0"><span class='ocrx_word' id='word_1_139' title='bbox 766 2290 1032 2357; x_wconf 82' lang='lat' dir='ltr'><strong>exstitit.</strong></span> <span class='ocrx_word' id='word_1_140' title='bbox 1720 2308 1724 2311; x_wconf 72' lang='grc'>’</span> 
     </span>
    </p>
   </div>
   <div class='ocr_carea' id='block_1_4' title="bbox 833 2453 2827 2525">
    <p class='ocr_par' dir='ltr' id='par_1_5' title="bbox 833 2453 2827 2525">
     <span class='ocr_line' id='line_1_18' title="bbox 833 2453 2827 2525; baseline 0 -14"><span class='ocrx_word' id='word_1_141' title='bbox 833 2457 977 2511; x_wconf 87' lang='lat' dir='ltr'><strong>Satis</strong></span> <span class='ocrx_word' id='word_1_142' title='bbox 1000 2471 1129 2525; x_wconf 68' lang='lat' dir='ltr'><strong>ergo</strong></span> <span class='ocrx_word' id='word_1_143' title='bbox 1153 2471 1424 2525; x_wconf 79' lang='lat' dir='ltr'><strong>superque</strong></span> <span class='ocrx_word' id='word_1_144' title='bbox 1447 2454 1790 2510; x_wconf 84' lang='lat' dir='ltr'><strong>eritinitium</strong></span> <span class='ocrx_word' id='word_1_145' title='bbox 1814 2460 1871 2510; x_wconf 93' lang='lat' dir='ltr'><strong>et</strong></span> <span class='ocrx_word' id='word_1_146' title='bbox 1892 2454 2060 2509; x_wconf 81' lang='lat' dir='ltr'><strong>finem</strong></span> <span class='ocrx_word' id='word_1_147' title='bbox 2084 2453 2247 2511; x_wconf 80' lang='lat' dir='ltr'><strong>huius</strong></span> <span class='ocrx_word' id='word_1_148' title='bbox 2272 2454 2440 2510; x_wconf 84' lang='lat' dir='ltr'><strong>libelli</strong></span> <span class='ocrx_word' id='word_1_149' title='bbox 2462 2454 2827 2523; x_wconf 81' lang='lat' dir='ltr'><strong>exscripsisse.</strong></span> 
     </span>
    </p>
   </div>
   <div class='ocr_carea' id='block_1_5' title="bbox 766 2601 3241 4071">
    <p class='ocr_par' dir='ltr' id='par_1_6' title="bbox 766 2601 3228 3183">
     <span class='ocr_line' id='line_1_19' title="bbox 849 2601 3223 2687; baseline 0 -18"><span class='ocrx_word' id='word_1_150' title='bbox 849 2603 1195 2669; x_wconf 68' lang='lat' dir='ltr'><strong>Pnonocus.</strong></span> <span class='ocrx_word' id='word_1_151' title='bbox 1242 2601 1534 2668; x_wconf 89' lang='lat' dir='ltr'><strong>Gloriosa</strong></span> <span class='ocrx_word' id='word_1_152' title='bbox 1562 2605 1936 2667; x_wconf 88' lang='lat' dir='ltr'><strong>sanctorum</strong></span> <span class='ocrx_word' id='word_1_153' title='bbox 1963 2601 2197 2668; x_wconf 88' lang='lat' dir='ltr'><strong>merita</strong></span> <span class='ocrx_word' id='word_1_154' title='bbox 2225 2601 2381 2666; x_wconf 91' lang='lat' dir='ltr'><strong>dum</strong></span> <span class='ocrx_word' id='word_1_155' title='bbox 2411 2603 2518 2685; x_wconf 92' lang='lat' dir='ltr'><strong>pio</strong></span> <span class='ocrx_word' id='word_1_156' title='bbox 2547 2622 2625 2667; x_wconf 91' lang='lat' dir='ltr'><strong>ac</strong></span> <span class='ocrx_word' id='word_1_157' title='bbox 2655 2603 2975 2687; x_wconf 82' lang='lat' dir='ltr'><strong>frequenti</strong></span> <span class='ocrx_word' id='word_1_158' title='bbox 3004 2605 3223 2671; x_wconf 88' lang='lat' dir='ltr'><strong>studio</strong></span> 
     </span>
     <span class='ocr_line' id='line_1_20' title="bbox 766 2696 3225 2786; baseline 0 -17"><span class='ocrx_word' id='word_1_159' title='bbox 766 2703 1136 2769; x_wconf 85' lang='lat' dir='ltr'><strong>recoluntur</strong></span> <span class='ocrx_word' id='word_1_160' title='bbox 1156 2722 1198 2768; x_wconf 88' lang='lat' dir='ltr'><strong>a</strong></span> <span class='ocrx_word' id='word_1_161' title='bbox 1219 2702 1536 2781; x_wconf 83' lang='lat' dir='ltr'><strong>fidelibus,</strong></span> <span class='ocrx_word' id='word_1_162' title='bbox 1559 2701 1663 2767; x_wconf 90' lang='lat' dir='ltr'><strong>ille</strong></span> <span class='ocrx_word' id='word_1_163' title='bbox 1685 2700 1908 2785; x_wconf 91' lang='lat' dir='ltr'><strong>procul</strong></span> <span class='ocrx_word' id='word_1_164' title='bbox 1930 2701 2128 2767; x_wconf 90' lang='lat' dir='ltr'><strong>dubio</strong></span> <span class='ocrx_word' id='word_1_165' title='bbox 2150 2696 2540 2784; x_wconf 84' lang='lat' dir='ltr'><strong>glorificatur</strong></span> <span class='ocrx_word' id='word_1_166' title='bbox 2560 2702 2626 2767; x_wconf 92' lang='lat' dir='ltr'><strong>in</strong></span> <span class='ocrx_word' id='word_1_167' title='bbox 2646 2703 2952 2786; x_wconf 88' lang='lat' dir='ltr'><strong>operibus</strong></span> <span class='ocrx_word' id='word_1_168' title='bbox 2976 2722 3225 2785; x_wconf 86' lang='lat' dir='ltr'><strong>eorum,</strong></span> 
     </span>
     <span class='ocr_line' id='line_1_21' title="bbox 768 2800 3225 2887; baseline 0 -19"><span class='ocrx_word' id='word_1_169' title='bbox 768 2802 968 2886; x_wconf 89' lang='lat' dir='ltr'><strong>quiin</strong></span> <span class='ocrx_word' id='word_1_170' title='bbox 989 2802 1231 2868; x_wconf 87' lang='lat' dir='ltr'><strong>sanctis</strong></span> <span class='ocrx_word' id='word_1_171' title='bbox 1253 2802 1386 2867; x_wconf 90' lang='lat' dir='ltr'><strong>suis</strong></span> <span class='ocrx_word' id='word_1_172' title='bbox 1411 2801 1823 2884; x_wconf 88' lang='lat' dir='ltr'><strong>praedicatur</strong></span> <span class='ocrx_word' id='word_1_173' title='bbox 1845 2800 2158 2884; x_wconf 85' lang='lat' dir='ltr'><strong>gloriosus</strong></span> <span class='ocrx_word' id='word_1_174' title='bbox 2180 2805 2246 2865; x_wconf 90' lang='lat' dir='ltr'><strong>et</strong></span> <span class='ocrx_word' id='word_1_175' title='bbox 2266 2801 2576 2866; x_wconf 90' lang='lat' dir='ltr'><strong>mirabilis</strong></span> <span class='ocrx_word' id='word_1_176' title='bbox 2591 2801 2783 2867; x_wconf 90' lang='lat' dir='ltr'><strong>Deus.</strong></span> <span class='ocrx_word' id='word_1_177' title='bbox 2807 2802 3225 2887; x_wconf 87' lang='lat' dir='ltr'><strong>Quapropter</strong></span> 
     </span>
     <span class='ocr_line' id='line_1_22' title="bbox 770 2898 3222 2983; baseline 0 -16"><span class='ocrx_word' id='word_1_178' title='bbox 770 2901 1262 2967; x_wconf 81' lang='lat' dir='ltr'><strong>translationem</strong></span> <span class='ocrx_word' id='word_1_179' title='bbox 1317 2899 1494 2965; x_wconf 87' lang='lat' dir='ltr'><strong>beati</strong></span> <span class='ocrx_word' id='word_1_180' title='bbox 1562 2898 1825 2978; x_wconf 85' lang='lat' dir='ltr'><strong>Nicolai‚</strong></span> <span class='ocrx_word' id='word_1_181' title='bbox 1891 2919 2061 2983; x_wconf 89' lang='lat' dir='ltr'><strong>quae</strong></span> <span class='ocrx_word' id='word_1_182' title='bbox 2125 2898 2315 2981; x_wconf 79' lang='lat' dir='ltr'><strong>digne</strong></span> <span class='ocrx_word' id='word_1_183' title='bbox 2372 2900 2643 2964; x_wconf 84' lang='lat' dir='ltr'><strong>vertitur</strong></span> <span class='ocrx_word' id='word_1_184' title='bbox 2710 2900 2779 2966; x_wconf 92' lang='lat' dir='ltr'><strong>in</strong></span> <span class='ocrx_word' id='word_1_185' title='bbox 2833 2903 3222 2968; x_wconf 89' lang='lat' dir='ltr'><strong>memoriam</strong></span> 
     </span>
     <span class='ocr_line' id='line_1_23' title="bbox 770 2999 3228 3080; baseline 0 -14"><span class='ocrx_word' id='word_1_186' title='bbox 770 3001 1085 3079; x_wconf 84' lang='lat' dir='ltr'><strong>omnium,</strong></span> <span class='ocrx_word' id='word_1_187' title='bbox 1105 2999 1379 3065; x_wconf 87' lang='lat' dir='ltr'><strong>fideliter</strong></span> <span class='ocrx_word' id='word_1_188' title='bbox 1406 2999 1853 3080; x_wconf 76' lang='lat' dir='ltr'><strong>suscipiamuS‚</strong></span> <span class='ocrx_word' id='word_1_189' title='bbox 1878 3001 1943 3063; x_wconf 88' lang='lat' dir='ltr'><strong>et</strong></span> <span class='ocrx_word' id='word_1_190' title='bbox 1965 3017 2165 3080; x_wconf 88' lang='lat' dir='ltr'><strong>quam</strong></span> <span class='ocrx_word' id='word_1_191' title='bbox 2194 3000 2332 3064; x_wconf 90' lang='lat' dir='ltr'><strong>toto</strong></span> <span class='ocrx_word' id='word_1_192' title='bbox 2353 3017 2563 3080; x_wconf 89' lang='lat' dir='ltr'><strong>paene</strong></span> <span class='ocrx_word' id='word_1_193' title='bbox 2594 2999 2837 3064; x_wconf 90' lang='lat' dir='ltr'><strong>mundo</strong></span> <span class='ocrx_word' id='word_1_194' title='bbox 2859 3003 3029 3066; x_wconf 88' lang='lat' dir='ltr'><strong>teste</strong></span> <span class='ocrx_word' id='word_1_195' title='bbox 3048 3020 3228 3066; x_wconf 91' lang='lat' dir='ltr'><strong>com-</strong></span> 
     </span>
     <span class='ocr_line' id='line_1_24' title="bbox 774 3086 2610 3183; baseline -0.003 -18"><span class='ocrx_word' id='word_1_196' title='bbox 774 3086 1124 3183; x_wconf 80' lang='lat' dir='ltr'><strong>prehatam</strong></span> <span class='ocrx_word' id='word_1_197' title='bbox 1153 3117 1295 3163; x_wconf 89' lang='lat' dir='ltr'><strong>esse</strong></span> <span class='ocrx_word' id='word_1_198' title='bbox 1324 3098 1642 3175; x_wconf 84' lang='lat' dir='ltr'><strong>novimus,</strong></span> <span class='ocrx_word' id='word_1_199' title='bbox 1671 3096 2123 3161; x_wconf 81' lang='lat' dir='ltr'><strong>venerabiliter</strong></span> <span class='ocrx_word' id='word_1_200' title='bbox 2148 3095 2565 3163; x_wconf 79' lang='lat' dir='ltr'><strong>celebremus,</strong></span> <span class='ocrx_word' id='word_1_201' title='bbox 2607 3133 2610 3138; x_wconf 92' lang='lat'><em>-</em></span> 
     </span>
    </p>

    <p class='ocr_par' dir='ltr' id='par_1_7' title="bbox 776 3193 3228 3676">
     <span class='ocr_line' id='line_1_25' title="bbox 857 3193 3226 3280; baseline 0.001 -17"><span class='ocrx_word' id='word_1_202' title='bbox 857 3198 1084 3263; x_wconf 65' lang='lat' dir='ltr'><strong>Incn’n·</strong></span> <span class='ocrx_word' id='word_1_203' title='bbox 1110 3215 1508 3261; x_wconf 58' lang='lat' dir='ltr'><strong>rursm-rio.</strong></span> <span class='ocrx_word' id='word_1_204' title='bbox 1535 3195 1652 3260; x_wconf 86' lang='lat' dir='ltr'><strong>Est</strong></span> <span class='ocrx_word' id='word_1_205' title='bbox 1673 3215 1825 3278; x_wconf 83' lang='lat' dir='ltr'><strong>ergo</strong></span> <span class='ocrx_word' id='word_1_206' title='bbox 1842 3197 1864 3234; x_wconf 93' lang='lat'>¹</span> <span class='ocrx_word' id='word_1_207' title='bbox 1882 3193 2068 3259; x_wconf 87' lang='lat' dir='ltr'><strong>Varis</strong></span> <span class='ocrx_word' id='word_1_208' title='bbox 2090 3194 2314 3260; x_wconf 85' lang='lat' dir='ltr'><strong>civitas</strong></span> <span class='ocrx_word' id='word_1_209' title='bbox 2335 3195 2630 3279; x_wconf 85' lang='lat' dir='ltr'><strong>Apuliae,</strong></span> <span class='ocrx_word' id='word_1_210' title='bbox 2647 3215 2817 3280; x_wconf 85' lang='lat' dir='ltr'><strong>quae</strong></span> <span class='ocrx_word' id='word_1_211' title='bbox 2839 3197 3072 3264; x_wconf 89' lang='lat' dir='ltr'><strong>dicitur</strong></span> <span class='ocrx_word' id='word_1_212' title='bbox 3090 3217 3226 3265; x_wconf 84' lang='lat' dir='ltr'><strong>una</strong></span> 
     </span>
     <span class='ocr_line' id='line_1_26' title="bbox 779 3292 3228 3377; baseline -0 -13"><span class='ocrx_word' id='word_1_213' title='bbox 779 3317 921 3364; x_wconf 90' lang='lat' dir='ltr'><strong>esse</strong></span> <span class='ocrx_word' id='word_1_214' title='bbox 950 3316 1032 3363; x_wconf 88' lang='lat' dir='ltr'><strong>ex</strong></span> <span class='ocrx_word' id='word_1_215' title='bbox 1069 3296 1295 3362; x_wconf 91' lang='lat' dir='ltr'><strong>decem</strong></span> <span class='ocrx_word' id='word_1_216' title='bbox 1337 3299 1404 3360; x_wconf 90' lang='lat' dir='ltr'><strong>et</strong></span> <span class='ocrx_word' id='word_1_217' title='bbox 1430 3298 1578 3361; x_wconf 89' lang='lat' dir='ltr'><strong>octo</strong></span> <span class='ocrx_word' id='word_1_218' title='bbox 1620 3293 1964 3377; x_wconf 82' lang='lat' dir='ltr'><strong>provinciis</strong></span> <span class='ocrx_word' id='word_1_219' title='bbox 2002 3292 2244 3359; x_wconf 87' lang='lat' dir='ltr'><strong>Italiae.</strong></span> <span class='ocrx_word' id='word_1_220' title='bbox 2271 3293 2551 3371; x_wconf 89' lang='lat' dir='ltr'><strong>Quidam</strong></span> <span class='ocrx_word' id='word_1_221' title='bbox 2588 3299 2811 3361; x_wconf 86' lang='lat' dir='ltr'><strong>autem</strong></span> <span class='ocrx_word' id='word_1_222' title='bbox 2838 3296 3228 3363; x_wconf 88' lang='lat' dir='ltr'><strong>Varensium</strong></span> 
     </span>
     <span class='ocr_line' id='line_1_27' title="bbox 776 3387 3228 3484; baseline 0 -22"><span class='ocrx_word' id='word_1_223' title='bbox 776 3387 1052 3462; x_wconf 85' lang='lat' dir='ltr'><strong>illustres</strong></span> <span class='ocrx_word' id='word_1_224' title='bbox 1081 3400 1282 3479; x_wconf 91' lang='lat' dir='ltr'><strong>atque</strong></span> <span class='ocrx_word' id='word_1_225' title='bbox 1323 3394 1653 3477; x_wconf 89' lang='lat' dir='ltr'><strong>sapientes</strong></span> <span class='ocrx_word' id='word_1_226' title='bbox 1683 3393 2111 3484; x_wconf 69' lang='lat' dir='ltr'><strong>decreverunt</strong></span> <span class='ocrx_word' id='word_1_227' title='bbox 2153 3411 2349 3458; x_wconf 87' lang='lat' dir='ltr'><strong>causa</strong></span> <span class='ocrx_word' id='word_1_228' title='bbox 2384 3394 2796 3460; x_wconf 87' lang='lat' dir='ltr'><strong>mercationis</strong></span> <span class='ocrx_word' id='word_1_229' title='bbox 2838 3414 2989 3461; x_wconf 90' lang='lat' dir='ltr'><strong>cum</strong></span> <span class='ocrx_word' id='word_1_230' title='bbox 3014 3396 3228 3462; x_wconf 88' lang='lat' dir='ltr'><strong>tribus</strong></span> 
     </span>
     <span class='ocr_line' id='line_1_28' title="bbox 776 3490 3228 3574; baseline -0 -12"><span class='ocrx_word' id='word_1_231' title='bbox 776 3498 1043 3574; x_wconf 77' lang='lat' dir='ltr'><strong>ratibuS‚</strong></span> <span class='ocrx_word' id='word_1_232' title='bbox 1072 3495 1304 3561; x_wconf 87' lang='lat' dir='ltr'><strong>iunctis</strong></span> <span class='ocrx_word' id='word_1_233' title='bbox 1344 3493 1542 3558; x_wconf 91' lang='lat' dir='ltr'><strong>etiam</strong></span> <span class='ocrx_word' id='word_1_234' title='bbox 1569 3492 1890 3558; x_wconf 87' lang='lat' dir='ltr'><strong>sociorum</strong></span> <span class='ocrx_word' id='word_1_235' title='bbox 1927 3490 2230 3558; x_wconf 90' lang='lat' dir='ltr'><strong>undecim</strong></span> <span class='ocrx_word' id='word_1_236' title='bbox 2259 3491 2534 3557; x_wconf 81' lang='lat' dir='ltr'><strong>navibus</strong></span> <span class='ocrx_word' id='word_1_237' title='bbox 2571 3494 2854 3560; x_wconf 86' lang='lat' dir='ltr'><strong>oneratis</strong></span> <span class='ocrx_word' id='word_1_238' title='bbox 2897 3494 3228 3562; x_wconf 81' lang='lat' dir='ltr'><strong>frumento</strong></span> 
     </span>
     <span class='ocr_line' id='line_1_29' title="bbox 778 3589 2300 3676; baseline -0.004 -17"><span class='ocrx_word' id='word_1_239' title='bbox 778 3593 1139 3676; x_wconf 90' lang='lat' dir='ltr'><strong>ceterisque</strong></span> <span class='ocrx_word' id='word_1_240' title='bbox 1164 3591 1506 3670; x_wconf 82' lang='lat' dir='ltr'><strong>mercibus,</strong></span> <span class='ocrx_word' id='word_1_241' title='bbox 1528 3589 1942 3655; x_wconf 86' lang='lat' dir='ltr'><strong>Antiochiam</strong></span> <span class='ocrx_word' id='word_1_242' title='bbox 1967 3607 2300 3671; x_wconf 74' lang='lat' dir='ltr'><strong>pergere...</strong></span> 
     </span>
    </p>

    <p class='ocr_par' dir='ltr' id='par_1_8' title="bbox 778 3686 3241 4071">
     <span class='ocr_line' id='line_1_30' title="bbox 862 3686 3235 3771; baseline -0 -15"><span class='ocrx_word' id='word_1_243' title='bbox 862 3692 1135 3756; x_wconf 75' lang='lat' dir='ltr'><strong>Dssmrr.</strong></span> <span class='ocrx_word' id='word_1_244' title='bbox 1180 3688 1313 3754; x_wconf 89' lang='lat' dir='ltr'><strong>Sed</strong></span> <span class='ocrx_word' id='word_1_245' title='bbox 1350 3688 1732 3771; x_wconf 88' lang='lat' dir='ltr'><strong>priusquam</strong></span> <span class='ocrx_word' id='word_1_246' title='bbox 1772 3688 1915 3770; x_wconf 89' lang='lat' dir='ltr'><strong>ipsa</strong></span> <span class='ocrx_word' id='word_1_247' title='bbox 1951 3686 2292 3753; x_wconf 83' lang='lat' dir='ltr'><strong>translatio</strong></span> <span class='ocrx_word' id='word_1_248' title='bbox 2330 3692 2491 3754; x_wconf 90' lang='lat' dir='ltr'><strong>nota</strong></span> <span class='ocrx_word' id='word_1_249' title='bbox 2515 3688 2701 3755; x_wconf 89' lang='lat' dir='ltr'><strong>fieret</strong></span> <span class='ocrx_word' id='word_1_250' title='bbox 2738 3690 2978 3755; x_wconf 86' lang='lat' dir='ltr'><strong>exteris</strong></span> <span class='ocrx_word' id='word_1_251' title='bbox 3017 3690 3235 3756; x_wconf 86' lang='lat' dir='ltr'><strong>natio-</strong></span> 
     </span>
     <span class='ocr_line' id='line_1_31' title="bbox 780 3786 3234 3870; baseline -0.001 -14"><span class='ocrx_word' id='word_1_252' title='bbox 780 3790 989 3870; x_wconf 88' lang='lat' dir='ltr'><strong>nibus,</strong></span> <span class='ocrx_word' id='word_1_253' title='bbox 1003 3787 1397 3856; x_wconf 86' lang='lat' dir='ltr'><strong>conveniunt</strong></span> <span class='ocrx_word' id='word_1_254' title='bbox 1417 3806 1499 3852; x_wconf 80' lang='lat' dir='ltr'><strong>ex</strong></span> <span class='ocrx_word' id='word_1_255' title='bbox 1519 3786 1820 3850; x_wconf 89' lang='lat' dir='ltr'><strong>omnibus</strong></span> <span class='ocrx_word' id='word_1_256' title='bbox 1841 3786 2134 3870; x_wconf 85' lang='lat' dir='ltr'><strong>partibus</strong></span> <span class='ocrx_word' id='word_1_257' title='bbox 2158 3786 2434 3852; x_wconf 84' lang='lat' dir='ltr'><strong>civitatis</strong></span> <span class='ocrx_word' id='word_1_258' title='bbox 2456 3787 2543 3852; x_wconf 90' lang='lat' dir='ltr'><strong>ad</strong></span> <span class='ocrx_word' id='word_1_259' title='bbox 2561 3788 2738 3853; x_wconf 90' lang='lat' dir='ltr'><strong>idem</strong></span> <span class='ocrx_word' id='word_1_260' title='bbox 2757 3789 3234 3854; x_wconf 89' lang='lat' dir='ltr'><strong>monasterium</strong></span> 
     </span>
     <span class='ocr_line' id='line_1_32' title="bbox 778 3881 3234 3974; baseline -0.001 -18"><span class='ocrx_word' id='word_1_261' title='bbox 778 3889 1063 3974; x_wconf 87' lang='lat' dir='ltr'><strong>possessi</strong></span> <span class='ocrx_word' id='word_1_262' title='bbox 1090 3886 1363 3970; x_wconf 81' lang='lat' dir='ltr'><strong>diversis</strong></span> <span class='ocrx_word' id='word_1_263' title='bbox 1409 3881 1911 3962; x_wconf 56' lang='lat' dir='ltr'><strong>infirmitatibus</strong></span> <span class='ocrx_word' id='word_1_264' title='bbox 1941 3889 2008 3949; x_wconf 87' lang='lat' dir='ltr'><strong>et</strong></span> <span class='ocrx_word' id='word_1_265' title='bbox 2033 3885 2313 3950; x_wconf 86' lang='lat' dir='ltr'><strong>restituti</strong></span> <span class='ocrx_word' id='word_1_266' title='bbox 2353 3891 2505 3951; x_wconf 89' lang='lat' dir='ltr'><strong>sunt</strong></span> <span class='ocrx_word' id='word_1_267' title='bbox 2543 3887 2808 3951; x_wconf 86' lang='lat' dir='ltr'><strong>sanitati</strong></span> <span class='ocrx_word' id='word_1_268' title='bbox 2833 3906 2953 3969; x_wconf 89' lang='lat' dir='ltr'><strong>per</strong></span> <span class='ocrx_word' id='word_1_269' title='bbox 2993 3887 3234 3953; x_wconf 85' lang='lat' dir='ltr'><strong>merita</strong></span> 
     </span>
     <span class='ocr_line' id='line_1_33' title="bbox 781 3981 3241 4071; baseline -0.002 -15"><span class='ocrx_word' id='word_1_270' title='bbox 781 3993 846 4057; x_wconf 87' lang='lat' dir='ltr'><strong>et</strong></span> <span class='ocrx_word' id='word_1_271' title='bbox 870 3987 1401 4057; x_wconf 87' lang='lat' dir='ltr'><strong>intercessionem</strong></span> <span class='ocrx_word' id='word_1_272' title='bbox 1442 3983 1622 4050; x_wconf 89' lang='lat' dir='ltr'><strong>beati</strong></span> <span class='ocrx_word' id='word_1_273' title='bbox 1637 3981 1703 4048; x_wconf 90' lang='lat' dir='ltr'>N</span> <span class='ocrx_word' id='word_1_274' title='bbox 1705 3981 1910 4061; x_wconf 83' lang='lat' dir='ltr'><strong>icolai‚</strong></span> <span class='ocrx_word' id='word_1_275' title='bbox 1953 3982 2064 4064; x_wconf 88' lang='lat' dir='ltr'><strong>qui</strong></span> <span class='ocrx_word' id='word_1_276' title='bbox 2085 3983 2112 4020; x_wconf 80' lang='lat'>²</span> <span class='ocrx_word' id='word_1_277' title='bbox 2139 3982 2377 4071; x_wconf 84' lang='lat' dir='ltr'><strong>retinet</strong></span> <span class='ocrx_word' id='word_1_278' title='bbox 2408 3984 2704 4066; x_wconf 88' lang='lat' dir='ltr'><strong>praemia</strong></span> <span class='ocrx_word' id='word_1_279' title='bbox 2737 3985 2988 4051; x_wconf 85' lang='lat' dir='ltr'><strong>aeterni</strong></span> <span class='ocrx_word' id='word_1_280' title='bbox 3028 3987 3241 4069; x_wconf 77' lang='lat' dir='ltr'><strong>regni.</strong></span> 
     </span>
    </p>
   </div>
   <div class='ocr_carea' id='block_1_6' title="bbox 852 4145 2650 4218">
    <p class='ocr_par' dir='ltr' id='par_1_9' title="bbox 852 4145 2650 4218">
     <span class='ocr_line' id='line_1_34' title="bbox 852 4145 2650 4218; baseline -0.004 -7"><span class='ocrx_word' id='word_1_281' title='bbox 852 4157 872 4191; x_wconf 87' lang='lat'><em>¹</em></span> <span class='ocrx_word' id='word_1_282' title='bbox 910 4157 1022 4212; x_wconf 77' lang='lat' dir='ltr'><strong>Om.</strong></span> <span class='ocrx_word' id='word_1_283' title='bbox 1042 4156 1157 4212; x_wconf 72' lang='lat' dir='ltr'><strong>eod.</strong></span> <span class='ocrx_word' id='word_1_284' title='bbox 1180 4154 1395 4210; x_wconf 74' lang='lat' dir='ltr'><strong>Monac.</strong></span> <span class='ocrx_word' id='word_1_285' title='bbox 1421 4149 1602 4207; x_wconf 70' lang='lat' dir='ltr'><strong>lule.</strong></span> <span class='ocrx_word' id='word_1_286' title='bbox 1628 4177 1696 4188; x_wconf 90' lang='lat'><strong>—</strong></span> <span class='ocrx_word' id='word_1_287' title='bbox 1716 4147 1743 4184; x_wconf 82' lang='lat'><strong>¹</strong></span> <span class='ocrx_word' id='word_1_288' title='bbox 1775 4145 2079 4218; x_wconf 62' lang='lat' dir='ltr'><strong>(qui-regni)</strong></span> <span class='ocrx_word' id='word_1_289' title='bbox 2099 4163 2201 4203; x_wconf 69' lang='lat' dir='ltr'><strong>om.</strong></span> <span class='ocrx_word' id='word_1_290' title='bbox 2227 4145 2299 4200; x_wconf 71' lang='lat' dir='ltr'><strong>H.</strong></span> <span class='ocrx_word' id='word_1_291' title='bbox 2324 4147 2401 4201; x_wconf 73' lang='lat' dir='ltr'><strong>M.</strong></span> <span class='ocrx_word' id='word_1_292' title='bbox 2438 4148 2650 4204; x_wconf 74' lang='lat' dir='ltr'><strong>Windb.</strong></span> 
     </span>
    </p>
   </div>
   <div class='ocr_carea' id='block_1_7' title="bbox 780 4294 3250 4540">
    <p class='ocr_par' dir='ltr' id='par_1_10' title="bbox 780 4294 3250 4540">
     <span class='ocr_line' id='line_1_35' title="bbox 845 4294 3249 4373; baseline 0.001 -21"><span class='ocrx_word' id='word_1_293' title='bbox 845 4303 916 4368; x_wconf 85' lang='lat'><strong>(1)</strong></span> <span class='ocrx_word' id='word_1_294' title='bbox 949 4301 1249 4368; x_wconf 64' lang='lat' dir='ltr'><strong>rumam,</strong></span> <span class='ocrx_word' id='word_1_295' title='bbox 1271 4320 1353 4373; x_wconf 73' lang='lat' dir='ltr'><strong>op.</strong></span> <span class='ocrx_word' id='word_1_296' title='bbox 1375 4304 1481 4367; x_wconf 68' lang='lat' dir='ltr'><strong>eit„</strong></span> <span class='ocrx_word' id='word_1_297' title='bbox 1509 4316 1566 4370; x_wconf 85' lang='lat' dir='ltr'><strong>p.</strong></span> <span class='ocrx_word' id='word_1_298' title='bbox 1595 4296 1802 4363; x_wconf 80' lang='lat'>131·39;</span> <span class='ocrx_word' id='word_1_299' title='bbox 1827 4294 1941 4351; x_wconf 82' lang='lat' dir='ltr'><strong>Nic.</strong></span> <span class='ocrx_word' id='word_1_300' title='bbox 1975 4294 2271 4360; x_wconf 72' lang='grc' dir='ltr'><strong>Ρυτιοιωη,</strong></span> <span class='ocrx_word' id='word_1_301' title='bbox 2293 4295 2498 4350; x_wconf 71' lang='lat' dir='ltr'><strong>letor-ia</strong></span> <span class='ocrx_word' id='word_1_302' title='bbox 2514 4296 2656 4351; x_wconf 76' lang='lat' dir='ltr'><strong>della</strong></span> <span class='ocrx_word' id='word_1_303' title='bbox 2692 4299 2802 4352; x_wconf 71' lang='lat' dir='ltr'><strong>vita</strong></span> <span class='ocrx_word' id='word_1_304' title='bbox 2832 4299 2912 4353; x_wconf 67' lang='grc' dir='ltr'><strong>ἅθ’</strong></span> <span class='ocrx_word' id='word_1_305' title='bbox 2933 4301 3195 4360; x_wconf 69' lang='lat' dir='ltr'><strong>miv-aeoli</strong></span> <span class='ocrx_word' id='word_1_306' title='bbox 3216 4323 3249 4362; x_wconf 64' lang='grc' dir='ltr'><strong><em>ο</em></strong></span> 
     </span>
     <span class='ocr_line' id='line_1_36' title="bbox 780 4377 3250 4540; baseline -0.001 -101"><span class='ocrx_word' id='word_1_307' title='bbox 780 4386 1270 4540; x_wconf 54' lang='grc' dir='ltr'><strong>ςιὶιζὲιῦξνὲιὲαξίοω</strong></span> <span class='ocrx_word' id='word_1_308' title='bbox 1291 4387 1375 4441; x_wconf 75' lang='lat' dir='ltr'><strong>del</strong></span> <span class='ocrx_word' id='word_1_309' title='bbox 1394 4402 1540 4454; x_wconf 69' lang='lat' dir='ltr'><strong>yrun</strong></span> <span class='ocrx_word' id='word_1_310' title='bbox 1561 4388 1913 4449; x_wconf 70' lang='lat' dir='ltr'><strong>taumaturqo</strong></span> <span class='ocrx_word' id='word_1_311' title='bbox 1932 4379 1989 4435; x_wconf 87' lang='lat' dir='ltr'><strong>S.</strong></span> <span class='ocrx_word' id='word_1_312' title='bbox 2009 4379 2226 4435; x_wconf 67' lang='lat' dir='ltr'><strong>Nicoolo</strong></span> <span class='ocrx_word' id='word_1_313' title='bbox 2247 4377 2439 4444; x_wconf 83' lang='lat'><strong>(1771),</strong></span> <span class='ocrx_word' id='word_1_314' title='bbox 2458 4393 2511 4447; x_wconf 82' lang='lat' dir='ltr'><strong>p.</strong></span> <span class='ocrx_word' id='word_1_315' title='bbox 2531 4379 2729 4437; x_wconf 82' lang='lat'><strong>551-68.</strong></span> <span class='ocrx_word' id='word_1_316' title='bbox 2755 4412 2820 4423; x_wconf 95' lang='lat'><strong>—</strong></span> <span class='ocrx_word' id='word_1_317' title='bbox 2833 4381 2907 4449; x_wconf 72' lang='lat'><strong>(2)</strong></span> <span class='ocrx_word' id='word_1_318' title='bbox 2923 4382 3250 4457; x_wconf 59' lang='lat' dir='ltr'><strong>Famosum,</strong></span> 
     </span>
    </p>
   </div>
  </div>
 </body>
</html>
