<?xml version="1.0" encoding="UTF-8"?>
<!DOCTYPE html PUBLIC "-//W3C//DTD XHTML 1.0 Transitional//EN"
    "http://www.w3.org/TR/xhtml1/DTD/xhtml1-transitional.dtd">
<html xmlns="http://www.w3.org/1999/xhtml" xml:lang="en" lang="en">
 <head>
  <title>
</title>
<meta http-equiv="Content-Type" content="text/html;charset=utf-8" />
  <meta name='ocr-system' content='tesseract 3.04.00' />
  <meta name='ocr-capabilities' content='ocr_page ocr_carea ocr_par ocr_line ocrx_word'/>
</head>
<body>
  <div class='ocr_page' id='page_1' title='image "analectabolland01bollgoog_0327.png"; bbox 0 0 3487 5450; ppageno 0'>
   <div class='ocr_carea' id='block_1_1' title="bbox 1111 564 2899 662">
    <p class='ocr_par' dir='ltr' id='par_1_1' title="bbox 1111 564 2899 662">
     <span class='ocr_line' id='line_1_1' title="bbox 1111 564 2899 662; baseline 0.004 -9"><span class='ocrx_word' id='word_1_1' title='bbox 1111 602 1204 654; x_wconf 73' lang='lat' dir='ltr'>Ex</span> <span class='ocrx_word' id='word_1_2' title='bbox 1256 604 1416 657; x_wconf 87' lang='lat' dir='ltr'>con.</span> <span class='ocrx_word' id='word_1_3' title='bbox 1473 603 1823 655; x_wconf 70' lang='lat' dir='ltr'>vA‘rmANo</span> <span class='ocrx_word' id='word_1_4' title='bbox 1875 603 2026 657; x_wconf 70' lang='lat'>³8⁴3.</span> <span class='ocrx_word' id='word_1_5' title='bbox 2630 564 2802 657; x_wconf 75' lang='lat'>&#39;317</span> <span class='ocrx_word' id='word_1_6' title='bbox 2896 660 2899 662; x_wconf 72' lang='grc'>,</span> 
     </span>
    </p>
   </div>
   <div class='ocr_carea' id='block_1_2' title="bbox 331 791 2823 3561">
    <p class='ocr_par' dir='ltr' id='par_1_2' title="bbox 331 791 2809 1174">
     <span class='ocr_line' id='line_1_2' title="bbox 331 791 2804 859; baseline 0.001 -3"><span class='ocrx_word' id='word_1_7' title='bbox 331 791 395 856; x_wconf 85' lang='lat'>7⁰</span> <span class='ocrx_word' id='word_1_8' title='bbox 438 791 585 857; x_wconf 90' lang='lat' dir='ltr'>Vita</span> <span class='ocrx_word' id='word_1_9' title='bbox 616 791 793 857; x_wconf 87' lang='lat' dir='ltr'>beati</span> <span class='ocrx_word' id='word_1_10' title='bbox 814 791 1078 856; x_wconf 82' lang='lat' dir='ltr'>Andree</span> <span class='ocrx_word' id='word_1_11' title='bbox 1107 791 1188 857; x_wconf 90' lang='lat' dir='ltr'>de</span> <span class='ocrx_word' id='word_1_12' title='bbox 1224 792 1509 857; x_wconf 84' lang='lat' dir='ltr'>Corsinis</span> <span class='ocrx_word' id='word_1_13' title='bbox 1532 793 1613 857; x_wconf 90' lang='lat' dir='ltr'>de</span> <span class='ocrx_word' id='word_1_14' title='bbox 1646 792 1974 858; x_wconf 81' lang='lat' dir='ltr'>Florentia</span> <span class='ocrx_word' id='word_1_15' title='bbox 1996 792 2258 858; x_wconf 82' lang='lat' dir='ltr'>Ordinis</span> <span class='ocrx_word' id='word_1_16' title='bbox 2282 793 2804 859; x_wconf 86' lang='lat' dir='ltr'>Carmellitarum</span> 
     </span>
     <span class='ocr_line' id='line_1_3' title="bbox 499 890 2809 975; baseline 0.002 -20"><span class='ocrx_word' id='word_1_17' title='bbox 499 896 563 955; x_wconf 90' lang='lat' dir='ltr'>et</span> <span class='ocrx_word' id='word_1_18' title='bbox 615 890 902 973; x_wconf 84' lang='lat' dir='ltr'>episcopi</span> <span class='ocrx_word' id='word_1_19' title='bbox 953 891 1273 968; x_wconf 82' lang='lat' dir='ltr'>Fesulani,</span> <span class='ocrx_word' id='word_1_20' title='bbox 1307 891 1482 957; x_wconf 88' lang='lat' dir='ltr'>edita</span> <span class='ocrx_word' id='word_1_21' title='bbox 1533 913 1574 957; x_wconf 88' lang='lat' dir='ltr'>a</span> <span class='ocrx_word' id='word_1_22' title='bbox 1629 894 2004 958; x_wconf 87' lang='lat' dir='ltr'>venerando</span> <span class='ocrx_word' id='word_1_23' title='bbox 2060 893 2199 959; x_wconf 79' lang='lat' dir='ltr'>viro</span> <span class='ocrx_word' id='word_1_24' title='bbox 2252 894 2560 975; x_wconf 82' lang='lat' dir='ltr'>magistro</span> <span class='ocrx_word' id='word_1_25' title='bbox 2611 893 2809 959; x_wconf 90' lang='lat' dir='ltr'>Petro</span> 
     </span>
     <span class='ocr_line' id='line_1_4' title="bbox 496 989 2808 1075; baseline 0.001 -21"><span class='ocrx_word' id='word_1_26' title='bbox 496 989 759 1056; x_wconf 81' lang='lat' dir='ltr'>Andree</span> <span class='ocrx_word' id='word_1_27' title='bbox 789 990 871 1056; x_wconf 90' lang='lat' dir='ltr'>de</span> <span class='ocrx_word' id='word_1_28' title='bbox 903 991 1226 1056; x_wconf 86' lang='lat' dir='ltr'>Castaneo</span> <span class='ocrx_word' id='word_1_29' title='bbox 1257 1011 1440 1056; x_wconf 82' lang='lat' dir='ltr'>sacre</span> <span class='ocrx_word' id='word_1_30' title='bbox 1474 992 1792 1075; x_wconf 76' lang='lat' dir='ltr'>theologie</span> <span class='ocrx_word' id='word_1_31' title='bbox 1836 993 2181 1075; x_wconf 84' lang='lat' dir='ltr'>profexore</span> <span class='ocrx_word' id='word_1_32' title='bbox 2229 992 2521 1057; x_wconf 87' lang='lat' dir='ltr'>eiusdem</span> <span class='ocrx_word' id='word_1_33' title='bbox 2563 993 2808 1057; x_wconf 83' lang='lat' dir='ltr'>ordinis</span> 
     </span>
     <span class='ocr_line' id='line_1_5' title="bbox 500 1089 904 1174; baseline 0 -21"><span class='ocrx_word' id='word_1_34' title='bbox 500 1089 568 1174; x_wconf 83' lang='lat' dir='ltr'>(f.</span> <span class='ocrx_word' id='word_1_35' title='bbox 593 1090 904 1172; x_wconf 68' lang='lat' dir='ltr'>28v-47v).</span> 
     </span>
    </p>

    <p class='ocr_par' dir='ltr' id='par_1_3' title="bbox 597 1206 2815 2268">
     <span class='ocr_line' id='line_1_6' title="bbox 665 1206 2811 1276; baseline 0.001 -16"><span class='ocrx_word' id='word_1_36' title='bbox 665 1207 757 1260; x_wconf 88' lang='lat' dir='ltr'>Ed.</span> <span class='ocrx_word' id='word_1_37' title='bbox 782 1206 1070 1261; x_wconf 68' lang='lat' dir='ltr'>Doumcus</span> <span class='ocrx_word' id='word_1_38' title='bbox 1097 1223 1131 1260; x_wconf 69' lang='lat' dir='ltr'>a</span> <span class='ocrx_word' id='word_1_39' title='bbox 1168 1207 1299 1270; x_wconf 74' lang='lat' dir='ltr'>Isso,</span> <span class='ocrx_word' id='word_1_40' title='bbox 1325 1208 1461 1261; x_wconf 77' lang='lat' dir='ltr'>Acta</span> <span class='ocrx_word' id='word_1_41' title='bbox 1493 1210 1941 1262; x_wconf 71' lang='lat' dir='ltr'>Ganonae·zaeio›2i³</span> <span class='ocrx_word' id='word_1_42' title='bbox 1973 1209 2029 1261; x_wconf 92' lang='lat' dir='ltr'>S.</span> <span class='ocrx_word' id='word_1_43' title='bbox 2067 1211 2324 1262; x_wconf 79' lang='lat' dir='ltr'>Andreae</span> <span class='ocrx_word' id='word_1_44' title='bbox 2352 1209 2590 1273; x_wconf 73' lang='lat' dir='ltr'>Corsim&#39;,</span> <span class='ocrx_word' id='word_1_45' title='bbox 2616 1225 2666 1276; x_wconf 89' lang='lat' dir='ltr'>p.</span> <span class='ocrx_word' id='word_1_46' title='bbox 2694 1210 2811 1263; x_wconf 83' lang='lat'>177-</span> 
     </span>
     <span class='ocr_line' id='line_1_7' title="bbox 597 1306 2813 1377; baseline 0.001 -18"><span class='ocrx_word' id='word_1_47' title='bbox 597 1306 697 1359; x_wconf 60' lang='lat'>924</span> <span class='ocrx_word' id='word_1_48' title='bbox 719 1306 975 1370; x_wconf 85' lang='lat' dir='ltr'>(Parisiis,</span> <span class='ocrx_word' id='word_1_49' title='bbox 998 1306 1141 1370; x_wconf 88' lang='grc'>1638)</span> <span class='ocrx_word' id='word_1_50' title='bbox 1161 1326 1172 1371; x_wconf 91' lang='grc'><strong>;</strong></span> <span class='ocrx_word' id='word_1_51' title='bbox 1189 1306 1317 1360; x_wconf 87' lang='lat' dir='ltr'>hinc</span> <span class='ocrx_word' id='word_1_52' title='bbox 1344 1306 1541 1361; x_wconf 88' lang='lat' dir='ltr'>iterum</span> <span class='ocrx_word' id='word_1_53' title='bbox 1563 1307 1645 1360; x_wconf 87' lang='lat' dir='ltr'>ed.</span> <span class='ocrx_word' id='word_1_54' title='bbox 1675 1313 1794 1361; x_wconf 75' lang='lat' dir='ltr'>Act.</span> <span class='ocrx_word' id='word_1_55' title='bbox 1817 1309 1928 1371; x_wconf 69' lang='lat' dir='ltr'>SS„</span> <span class='ocrx_word' id='word_1_56' title='bbox 1948 1308 2013 1360; x_wconf 87' lang='lat' dir='ltr'>ad</span> <span class='ocrx_word' id='word_1_57' title='bbox 2041 1308 2091 1361; x_wconf 90' lang='lat' dir='ltr'>d.</span> <span class='ocrx_word' id='word_1_58' title='bbox 2117 1309 2185 1361; x_wconf 89' lang='grc'>30</span> <span class='ocrx_word' id='word_1_59' title='bbox 2206 1308 2337 1373; x_wconf 66' lang='lat' dir='ltr'>ian„</span> <span class='ocrx_word' id='word_1_60' title='bbox 2361 1312 2397 1362; x_wconf 91' lang='lat' dir='ltr'>t.</span> <span class='ocrx_word' id='word_1_61' title='bbox 2422 1308 2485 1367; x_wconf 85' lang='lat'>11.</span> <span class='ocrx_word' id='word_1_62' title='bbox 2504 1325 2555 1377; x_wconf 90' lang='lat' dir='ltr'>p.</span> <span class='ocrx_word' id='word_1_63' title='bbox 2584 1308 2813 1363; x_wconf 59' lang='lat'><strong>106473.</strong></span> 
     </span>
     <span class='ocr_line' id='line_1_8' title="bbox 599 1405 2814 1475; baseline 0.001 -17"><span class='ocrx_word' id='word_1_64' title='bbox 599 1405 835 1458; x_wconf 86' lang='lat' dir='ltr'>Editioni</span> <span class='ocrx_word' id='word_1_65' title='bbox 891 1405 1119 1474; x_wconf 85' lang='lat' dir='ltr'>principi</span> <span class='ocrx_word' id='word_1_66' title='bbox 1174 1406 1346 1459; x_wconf 85' lang='lat' dir='ltr'>codex</span> <span class='ocrx_word' id='word_1_67' title='bbox 1410 1407 1631 1475; x_wconf 88' lang='lat' dir='ltr'>quidam</span> <span class='ocrx_word' id='word_1_68' title='bbox 1692 1406 1988 1460; x_wconf 80' lang='lat' dir='ltr'>Vaticanus</span> <span class='ocrx_word' id='word_1_69' title='bbox 2047 1407 2294 1475; x_wconf 84' lang='lat' dir='ltr'>praeivit,</span> <span class='ocrx_word' id='word_1_70' title='bbox 2352 1411 2415 1461; x_wconf 88' lang='lat' dir='ltr'>ut</span> <span class='ocrx_word' id='word_1_71' title='bbox 2469 1407 2584 1475; x_wconf 86' lang='lat' dir='ltr'>ipse</span> <span class='ocrx_word' id='word_1_72' title='bbox 2638 1407 2814 1461; x_wconf 81' lang='lat' dir='ltr'>editor</span> 
     </span>
     <span class='ocr_line' id='line_1_9' title="bbox 602 1482 2812 1574; baseline 0.001 -16"><span class='ocrx_word' id='word_1_73' title='bbox 602 1504 895 1559; x_wconf 86' lang='lat' dir='ltr'>Carmelita</span> <span class='ocrx_word' id='word_1_74' title='bbox 940 1505 1218 1567; x_wconf 85' lang='lat' dir='ltr'>admonet,</span> <span class='ocrx_word' id='word_1_75' title='bbox 1257 1505 1293 1558; x_wconf 92' lang='lat' dir='ltr'>l.</span> <span class='ocrx_word' id='word_1_76' title='bbox 1318 1522 1380 1571; x_wconf 89' lang='lat' dir='ltr'>c.,</span> <span class='ocrx_word' id='word_1_77' title='bbox 1418 1523 1466 1573; x_wconf 88' lang='lat' dir='ltr'>p.</span> <span class='ocrx_word' id='word_1_78' title='bbox 1491 1506 1590 1559; x_wconf 58' lang='lat'>9²25</span> <span class='ocrx_word' id='word_1_79' title='bbox 1616 1525 1628 1559; x_wconf 89' lang='lat'>:</span> <span class='ocrx_word' id='word_1_80' title='bbox 1658 1507 1679 1531; x_wconf 77' lang='lat'>⁸</span> <span class='ocrx_word' id='word_1_81' title='bbox 1722 1505 1894 1561; x_wconf 89' lang='lat' dir='ltr'>Vetus</span> <span class='ocrx_word' id='word_1_82' title='bbox 1928 1507 2099 1560; x_wconf 86' lang='lat' dir='ltr'>codex</span> <span class='ocrx_word' id='word_1_83' title='bbox 2127 1482 2190 1560; x_wconf 70' lang='lat' dir='ltr'>inv</span> <span class='ocrx_word' id='word_1_84' title='bbox 2207 1507 2532 1561; x_wconf 89' lang='lat' dir='ltr'>membrana</span> <span class='ocrx_word' id='word_1_85' title='bbox 2561 1504 2812 1574; x_wconf 84' lang='lat' dir='ltr'>scriptus,</span> 
     </span>
     <span class='ocr_line' id='line_1_10' title="bbox 606 1604 2802 1672; baseline 0.001 -15"><span class='ocrx_word' id='word_1_86' title='bbox 606 1646 627 1670; x_wconf 79' lang='lat'><strong><em>„</em></strong></span> <span class='ocrx_word' id='word_1_87' title='bbox 666 1604 891 1672; x_wconf 83' lang='lat' dir='ltr'>insignis</span> <span class='ocrx_word' id='word_1_88' title='bbox 939 1604 1305 1658; x_wconf 84' lang='lat' dir='ltr'>bibliothecae</span> <span class='ocrx_word' id='word_1_89' title='bbox 1342 1604 1637 1659; x_wconf 77' lang='lat' dir='ltr'>vaticanae</span> <span class='ocrx_word' id='word_1_90' title='bbox 1691 1606 1837 1659; x_wconf 89' lang='lat' dir='ltr'>hanc</span> <span class='ocrx_word' id='word_1_91' title='bbox 1888 1605 2173 1659; x_wconf 81' lang='lat' dir='ltr'>historiam</span> <span class='ocrx_word' id='word_1_92' title='bbox 2223 1605 2385 1660; x_wconf 88' lang='lat' dir='ltr'>nobis</span> <span class='ocrx_word' id='word_1_93' title='bbox 2430 1605 2802 1660; x_wconf 82' lang='lat' dir='ltr'>exhibuit.......</span> 
     </span>
     <span class='ocr_line' id='line_1_11' title="bbox 608 1703 2810 1768; baseline 0 -10"><span class='ocrx_word' id='word_1_94' title='bbox 608 1746 629 1768; x_wconf 82' lang='lat'><strong>„</strong></span> <span class='ocrx_word' id='word_1_95' title='bbox 679 1703 934 1758; x_wconf 81' lang='lat' dir='ltr'>Continet</span> <span class='ocrx_word' id='word_1_96' title='bbox 969 1708 1155 1758; x_wconf 88' lang='lat' dir='ltr'>autem</span> <span class='ocrx_word' id='word_1_97' title='bbox 1180 1704 1268 1757; x_wconf 88' lang='lat' dir='ltr'>hic</span> <span class='ocrx_word' id='word_1_98' title='bbox 1306 1704 1480 1758; x_wconf 85' lang='lat' dir='ltr'>codex</span> <span class='ocrx_word' id='word_1_99' title='bbox 1505 1704 1574 1759; x_wconf 80' lang='lat' dir='ltr'>M.</span> <span class='ocrx_word' id='word_1_100' title='bbox 1597 1705 1650 1758; x_wconf 90' lang='lat' dir='ltr'>S.</span> <span class='ocrx_word' id='word_1_101' title='bbox 1677 1704 1848 1758; x_wconf 85' lang='lat' dir='ltr'>vitam</span> <span class='ocrx_word' id='word_1_102' title='bbox 1876 1705 2039 1759; x_wconf 89' lang='lat' dir='ltr'>trium</span> <span class='ocrx_word' id='word_1_103' title='bbox 2060 1705 2295 1759; x_wconf 89' lang='lat' dir='ltr'>heroum</span> <span class='ocrx_word' id='word_1_104' title='bbox 2331 1705 2536 1758; x_wconf 86' lang='lat' dir='ltr'>ordinis</span> <span class='ocrx_word' id='word_1_105' title='bbox 2577 1705 2634 1759; x_wconf 88' lang='lat' dir='ltr'>B.</span> <span class='ocrx_word' id='word_1_106' title='bbox 2654 1704 2718 1758; x_wconf 75' lang='lat' dir='ltr'>V.</span> <span class='ocrx_word' id='word_1_107' title='bbox 2742 1704 2810 1759; x_wconf 77' lang='lat' dir='ltr'>M.</span> 
     </span>
     <span class='ocr_line' id='line_1_12' title="bbox 608 1803 2812 1872; baseline 0 -16"><span class='ocrx_word' id='word_1_108' title='bbox 608 1844 629 1869; x_wconf 84' lang='lat'>‚</span> <span class='ocrx_word' id='word_1_109' title='bbox 669 1803 736 1856; x_wconf 89' lang='lat' dir='ltr'>de</span> <span class='ocrx_word' id='word_1_110' title='bbox 783 1803 964 1857; x_wconf 84' lang='lat' dir='ltr'>Monte</span> <span class='ocrx_word' id='word_1_111' title='bbox 1015 1803 1283 1867; x_wconf 87' lang='lat' dir='ltr'>Carme10,</span> <span class='ocrx_word' id='word_1_112' title='bbox 1330 1820 1528 1872; x_wconf 86' lang='lat' dir='ltr'>nempe</span> <span class='ocrx_word' id='word_1_113' title='bbox 1578 1804 1639 1858; x_wconf 87' lang='grc' dir='ltr'>Β.</span> <span class='ocrx_word' id='word_1_114' title='bbox 1691 1803 1885 1870; x_wconf 81' lang='lat' dir='ltr'>Angeli</span> <span class='ocrx_word' id='word_1_115' title='bbox 1930 1804 2383 1872; x_wconf 77' lang='lat' dir='ltr'>Hierosolymitae</span> <span class='ocrx_word' id='word_1_116' title='bbox 2441 1810 2495 1858; x_wconf 92' lang='lat' dir='ltr'>et</span> <span class='ocrx_word' id='word_1_117' title='bbox 2539 1803 2812 1871; x_wconf 72' lang='lat' dir='ltr'>martyr-ie,</span> 
     </span>
     <span class='ocr_line' id='line_1_13' title="bbox 607 1901 2812 1972; baseline 0 -16"><span class='ocrx_word' id='word_1_118' title='bbox 607 1944 630 1968; x_wconf 84' lang='grc'>,,</span> <span class='ocrx_word' id='word_1_119' title='bbox 670 1903 872 1956; x_wconf 87' lang='lat' dir='ltr'>Alberti</span> <span class='ocrx_word' id='word_1_120' title='bbox 909 1902 1072 1956; x_wconf 87' lang='lat' dir='ltr'>Siculi</span> <span class='ocrx_word' id='word_1_121' title='bbox 1114 1907 1169 1956; x_wconf 88' lang='lat' dir='ltr'>et</span> <span class='ocrx_word' id='word_1_122' title='bbox 1205 1903 1551 1967; x_wconf 73' lang='lat' dir='ltr'>confessor-ie,</span> <span class='ocrx_word' id='word_1_123' title='bbox 1588 1908 1644 1957; x_wconf 89' lang='lat' dir='ltr'>et</span> <span class='ocrx_word' id='word_1_124' title='bbox 1680 1903 1740 1956; x_wconf 85' lang='grc' dir='ltr'>Β.</span> <span class='ocrx_word' id='word_1_125' title='bbox 1773 1904 2024 1957; x_wconf 82' lang='lat' dir='ltr'>Andreae</span> <span class='ocrx_word' id='word_1_126' title='bbox 2049 1903 2279 1968; x_wconf 85' lang='lat' dir='ltr'>Corsini,</span> <span class='ocrx_word' id='word_1_127' title='bbox 2317 1908 2380 1957; x_wconf 88' lang='lat' dir='ltr'>ut</span> <span class='ocrx_word' id='word_1_128' title='bbox 2411 1903 2645 1972; x_wconf 85' lang='lat' dir='ltr'>scriptor</span> <span class='ocrx_word' id='word_1_129' title='bbox 2667 1901 2812 1957; x_wconf 84' lang='lat' dir='ltr'>illius</span> 
     </span>
     <span class='ocr_line' id='line_1_14' title="bbox 608 2002 2810 2070; baseline -0.001 -15"><span class='ocrx_word' id='word_1_130' title='bbox 608 2042 628 2066; x_wconf 80' lang='lat'><strong><em>„</em></strong></span> <span class='ocrx_word' id='word_1_131' title='bbox 668 2006 895 2055; x_wconf 86' lang='lat' dir='ltr'>testatur</span> <span class='ocrx_word' id='word_1_132' title='bbox 918 2002 1006 2055; x_wconf 89' lang='lat' dir='ltr'>his</span> <span class='ocrx_word' id='word_1_133' title='bbox 1031 2003 1280 2056; x_wconf 81' lang='lat' dir='ltr'>versibus</span> <span class='ocrx_word' id='word_1_134' title='bbox 1303 2018 1443 2070; x_wconf 85' lang='lat' dir='ltr'>quos</span> <span class='ocrx_word' id='word_1_135' title='bbox 1479 2002 1534 2055; x_wconf 88' lang='lat' dir='ltr'>in</span> <span class='ocrx_word' id='word_1_136' title='bbox 1572 2002 1758 2055; x_wconf 88' lang='lat' dir='ltr'>limine</span> <span class='ocrx_word' id='word_1_137' title='bbox 1795 2002 1997 2056; x_wconf 88' lang='lat' dir='ltr'>codicis</span> <span class='ocrx_word' id='word_1_138' title='bbox 2032 2002 2223 2056; x_wconf 81' lang='lat' dir='ltr'>affixit.</span> <span class='ocrx_word' id='word_1_139' title='bbox 2251 2045 2272 2068; x_wconf 88' lang='grc'>,,</span> <span class='ocrx_word' id='word_1_140' title='bbox 2309 2002 2417 2070; x_wconf 89' lang='lat' dir='ltr'>Qui</span> <span class='ocrx_word' id='word_1_141' title='bbox 2433 2003 2591 2057; x_wconf 90' lang='lat' dir='ltr'>·haec</span> <span class='ocrx_word' id='word_1_142' title='bbox 2627 2002 2810 2066; x_wconf 83' lang='lat' dir='ltr'>refert,</span> 
     </span>
     <span class='ocr_line' id='line_1_15' title="bbox 603 2100 2815 2170; baseline -0 -16"><span class='ocrx_word' id='word_1_143' title='bbox 603 2100 780 2169; x_wconf 89' lang='lat' dir='ltr'>ipsum</span> <span class='ocrx_word' id='word_1_144' title='bbox 807 2100 1055 2155; x_wconf 88' lang='lat' dir='ltr'>codicem</span> <span class='ocrx_word' id='word_1_145' title='bbox 1091 2117 1204 2155; x_wconf 91' lang='lat' dir='ltr'>non</span> <span class='ocrx_word' id='word_1_146' title='bbox 1227 2101 1380 2164; x_wconf 74' lang='lat' dir='ltr'>vidit,</span> <span class='ocrx_word' id='word_1_147' title='bbox 1403 2102 1497 2155; x_wconf 85' lang='lat' dir='ltr'>sed</span> <span class='ocrx_word' id='word_1_148' title='bbox 1523 2101 1640 2155; x_wconf 88' lang='lat' dir='ltr'>eius</span> <span class='ocrx_word' id='word_1_149' title='bbox 1661 2106 2091 2169; x_wconf 88' lang='lat' dir='ltr'>transsumptum</span> <span class='ocrx_word' id='word_1_150' title='bbox 2121 2101 2343 2170; x_wconf 85' lang='lat' dir='ltr'>aliquod</span> <span class='ocrx_word' id='word_1_151' title='bbox 2369 2117 2403 2155; x_wconf 87' lang='lat' dir='ltr'>a</span> <span class='ocrx_word' id='word_1_152' title='bbox 2419 2101 2662 2170; x_wconf 87' lang='lat' dir='ltr'>quodam</span> <span class='ocrx_word' id='word_1_153' title='bbox 2688 2115 2815 2154; x_wconf 88' lang='lat' dir='ltr'>con-</span> 
     </span>
     <span class='ocr_line' id='line_1_16' title="bbox 608 2199 1022 2268; baseline 0 -15"><span class='ocrx_word' id='word_1_154' title='bbox 608 2199 774 2254; x_wconf 78' lang='lat' dir='ltr'>fratre</span> <span class='ocrx_word' id='word_1_155' title='bbox 798 2199 1022 2268; x_wconf 87' lang='lat' dir='ltr'>accepit.</span> 
     </span>
    </p>

    <p class='ocr_par' dir='ltr' id='par_1_4' title="bbox 603 2299 2823 3561">
     <span class='ocr_line' id='line_1_17' title="bbox 672 2299 2817 2369; baseline -0 -17"><span class='ocrx_word' id='word_1_156' title='bbox 672 2300 789 2353; x_wconf 91' lang='lat' dir='ltr'>Iam</span> <span class='ocrx_word' id='word_1_157' title='bbox 830 2315 960 2353; x_wconf 82' lang='lat' dir='ltr'>vero</span> <span class='ocrx_word' id='word_1_158' title='bbox 1004 2315 1070 2353; x_wconf 87' lang='lat' dir='ltr'>ex</span> <span class='ocrx_word' id='word_1_159' title='bbox 1112 2299 1198 2352; x_wconf 90' lang='lat' dir='ltr'>his</span> <span class='ocrx_word' id='word_1_160' title='bbox 1242 2316 1383 2368; x_wconf 88' lang='lat' dir='ltr'>quae</span> <span class='ocrx_word' id='word_1_161' title='bbox 1430 2316 1595 2369; x_wconf 89' lang='lat' dir='ltr'>supra</span> <span class='ocrx_word' id='word_1_162' title='bbox 1634 2300 1886 2364; x_wconf 73' lang='lat' dir='ltr'>diximu3‚</span> <span class='ocrx_word' id='word_1_163' title='bbox 1923 2300 2269 2369; x_wconf 85' lang='lat' dir='ltr'>exploratum</span> <span class='ocrx_word' id='word_1_164' title='bbox 2312 2304 2394 2354; x_wconf 86' lang='lat' dir='ltr'>est</span> <span class='ocrx_word' id='word_1_165' title='bbox 2434 2300 2647 2354; x_wconf 89' lang='lat' dir='ltr'>nullum</span> <span class='ocrx_word' id='word_1_166' title='bbox 2689 2302 2817 2352; x_wconf 89' lang='lat' dir='ltr'>ante</span> 
     </span>
     <span class='ocr_line' id='line_1_18' title="bbox 604 2397 2818 2468; baseline -0 -16"><span class='ocrx_word' id='word_1_167' title='bbox 604 2414 808 2453; x_wconf 87' lang='lat' dir='ltr'>annum</span> <span class='ocrx_word' id='word_1_168' title='bbox 833 2400 963 2453; x_wconf 83' lang='lat'>1555</span> <span class='ocrx_word' id='word_1_169' title='bbox 980 2399 1255 2453; x_wconf 84' lang='lat' dir='ltr'>exstitisse</span> <span class='ocrx_word' id='word_1_170' title='bbox 1280 2398 1338 2452; x_wconf 91' lang='lat' dir='ltr'>in</span> <span class='ocrx_word' id='word_1_171' title='bbox 1361 2399 1697 2453; x_wconf 83' lang='lat' dir='ltr'>bibliotheca</span> <span class='ocrx_word' id='word_1_172' title='bbox 1715 2399 1984 2454; x_wconf 81' lang='lat' dir='ltr'>Vaticana</span> <span class='ocrx_word' id='word_1_173' title='bbox 2007 2399 2251 2453; x_wconf 86' lang='lat' dir='ltr'>codicem</span> <span class='ocrx_word' id='word_1_174' title='bbox 2273 2415 2393 2463; x_wconf 68' lang='lat' dir='ltr'>ms„</span> <span class='ocrx_word' id='word_1_175' title='bbox 2411 2399 2503 2468; x_wconf 86' lang='lat' dir='ltr'>qui</span> <span class='ocrx_word' id='word_1_176' title='bbox 2529 2399 2630 2452; x_wconf 87' lang='lat' dir='ltr'>has</span> <span class='ocrx_word' id='word_1_177' title='bbox 2652 2397 2818 2452; x_wconf 90' lang='lat' dir='ltr'>trium</span> 
     </span>
     <span class='ocr_line' id='line_1_19' title="bbox 611 2497 2820 2566; baseline -0 -15"><span class='ocrx_word' id='word_1_178' title='bbox 611 2504 927 2552; x_wconf 87' lang='lat' dir='ltr'>sanctorum</span> <span class='ocrx_word' id='word_1_179' title='bbox 955 2497 1173 2552; x_wconf 86' lang='lat' dir='ltr'>Ordinis</span> <span class='ocrx_word' id='word_1_180' title='bbox 1198 2497 1548 2552; x_wconf 89' lang='lat' dir='ltr'>Carmelitani</span> <span class='ocrx_word' id='word_1_181' title='bbox 1583 2498 1734 2552; x_wconf 79' lang='lat' dir='ltr'>Vitas</span> <span class='ocrx_word' id='word_1_182' title='bbox 1771 2499 2030 2552; x_wconf 88' lang='lat' dir='ltr'>traderet.</span> <span class='ocrx_word' id='word_1_183' title='bbox 2056 2498 2238 2553; x_wconf 85' lang='lat' dir='ltr'>Codex</span> <span class='ocrx_word' id='word_1_184' title='bbox 2277 2502 2480 2560; x_wconf 83' lang='lat' dir='ltr'>autem.</span> <span class='ocrx_word' id='word_1_185' title='bbox 2504 2497 2596 2566; x_wconf 86' lang='lat' dir='ltr'>qui</span> <span class='ocrx_word' id='word_1_186' title='bbox 2629 2501 2820 2565; x_wconf 87' lang='lat' dir='ltr'>postea</span> 
     </span>
     <span class='ocr_line' id='line_1_20' title="bbox 606 2595 2820 2664; baseline 0 -15"><span class='ocrx_word' id='word_1_187' title='bbox 606 2597 897 2664; x_wconf 85' lang='lat' dir='ltr'>acquisitus</span> <span class='ocrx_word' id='word_1_188' title='bbox 940 2602 1028 2650; x_wconf 89' lang='lat' dir='ltr'>est</span> <span class='ocrx_word' id='word_1_189' title='bbox 1068 2602 1123 2651; x_wconf 88' lang='lat' dir='ltr'>et</span> <span class='ocrx_word' id='word_1_190' title='bbox 1165 2597 1268 2651; x_wconf 90' lang='lat' dir='ltr'>sub</span> <span class='ocrx_word' id='word_1_191' title='bbox 1311 2613 1461 2652; x_wconf 90' lang='lat' dir='ltr'>num.</span> <span class='ocrx_word' id='word_1_192' title='bbox 1500 2597 1632 2650; x_wconf 74' lang='lat'>3813</span> <span class='ocrx_word' id='word_1_193' title='bbox 1673 2598 1990 2662; x_wconf 88' lang='lat' dir='ltr'>collocatus,</span> <span class='ocrx_word' id='word_1_194' title='bbox 2036 2597 2177 2651; x_wconf 88' lang='lat' dir='ltr'>baec</span> <span class='ocrx_word' id='word_1_195' title='bbox 2216 2595 2441 2664; x_wconf 85' lang='lat' dir='ltr'>quidem</span> <span class='ocrx_word' id='word_1_196' title='bbox 2487 2596 2820 2650; x_wconf 84' lang='lat' dir='ltr'>documenta</span> 
     </span>
     <span class='ocr_line' id='line_1_21' title="bbox 607 2694 2821 2766; baseline -0 -16"><span class='ocrx_word' id='word_1_197' title='bbox 607 2696 877 2761; x_wconf 84' lang='lat' dir='ltr'>continet;</span> <span class='ocrx_word' id='word_1_198' title='bbox 913 2696 1009 2751; x_wconf 89' lang='lat' dir='ltr'>sed</span> <span class='ocrx_word' id='word_1_199' title='bbox 1051 2712 1228 2766; x_wconf 85' lang='lat' dir='ltr'>neque</span> <span class='ocrx_word' id='word_1_200' title='bbox 1264 2696 1651 2751; x_wconf 87' lang='lat' dir='ltr'>membraneus</span> <span class='ocrx_word' id='word_1_201' title='bbox 1691 2700 1788 2759; x_wconf 86' lang='lat' dir='ltr'>est,</span> <span class='ocrx_word' id='word_1_202' title='bbox 1826 2712 2004 2765; x_wconf 88' lang='lat' dir='ltr'>neque</span> <span class='ocrx_word' id='word_1_203' title='bbox 2039 2696 2277 2750; x_wconf 89' lang='lat' dir='ltr'>indicem</span> <span class='ocrx_word' id='word_1_204' title='bbox 2318 2696 2565 2750; x_wconf 81' lang='lat' dir='ltr'>versibus</span> <span class='ocrx_word' id='word_1_205' title='bbox 2605 2694 2821 2750; x_wconf 91' lang='lat' dir='ltr'>conclu·</span> 
     </span>
     <span class='ocr_line' id='line_1_22' title="bbox 608 2792 2823 2864; baseline -0.001 -15"><span class='ocrx_word' id='word_1_206' title='bbox 608 2811 732 2849; x_wconf 88' lang='lat' dir='ltr'>sum</span> <span class='ocrx_word' id='word_1_207' title='bbox 769 2796 925 2849; x_wconf 90' lang='lat' dir='ltr'>initio</span> <span class='ocrx_word' id='word_1_208' title='bbox 963 2795 1203 2861; x_wconf 87' lang='lat' dir='ltr'>exhibet,</span> <span class='ocrx_word' id='word_1_209' title='bbox 1246 2812 1422 2864; x_wconf 80' lang='lat' dir='ltr'>neque</span> <span class='ocrx_word' id='word_1_210' title='bbox 1468 2811 1731 2864; x_wconf 80' lang='lat' dir='ltr'>umquam</span> <span class='ocrx_word' id='word_1_211' title='bbox 1771 2796 1979 2859; x_wconf 88' lang='lat' dir='ltr'>habuit,</span> <span class='ocrx_word' id='word_1_212' title='bbox 2010 2795 2209 2864; x_wconf 86' lang='lat' dir='ltr'>quippe</span> <span class='ocrx_word' id='word_1_213' title='bbox 2233 2795 2327 2864; x_wconf 82' lang='lat' dir='ltr'>qui</span> <span class='ocrx_word' id='word_1_214' title='bbox 2353 2795 2562 2850; x_wconf 88' lang='lat' dir='ltr'>nullam</span> <span class='ocrx_word' id='word_1_215' title='bbox 2599 2794 2656 2849; x_wconf 90' lang='lat' dir='ltr'>in</span> <span class='ocrx_word' id='word_1_216' title='bbox 2695 2792 2823 2848; x_wconf 87' lang='lat' dir='ltr'>scri·</span> 
     </span>
     <span class='ocr_line' id='line_1_23' title="bbox 610 2892 2817 2963; baseline -0.001 -15"><span class='ocrx_word' id='word_1_217' title='bbox 610 2899 766 2963; x_wconf 85' lang='lat' dir='ltr'>ptura</span> <span class='ocrx_word' id='word_1_218' title='bbox 789 2895 1039 2949; x_wconf 89' lang='lat' dir='ltr'>iniuriam</span> <span class='ocrx_word' id='word_1_219' title='bbox 1059 2896 1320 2963; x_wconf 87' lang='lat' dir='ltr'>temporis</span> <span class='ocrx_word' id='word_1_220' title='bbox 1344 2912 1537 2963; x_wconf 89' lang='lat' dir='ltr'>passus</span> <span class='ocrx_word' id='word_1_221' title='bbox 1559 2895 1643 2949; x_wconf 85' lang='lat' dir='ltr'>sit.</span> <span class='ocrx_word' id='word_1_222' title='bbox 1660 2894 1847 2949; x_wconf 88' lang='lat' dir='ltr'>Tenor</span> <span class='ocrx_word' id='word_1_223' title='bbox 1870 2900 2056 2948; x_wconf 91' lang='lat' dir='ltr'>autem</span> <span class='ocrx_word' id='word_1_224' title='bbox 2076 2895 2230 2948; x_wconf 86' lang='lat' dir='ltr'>Vitae</span> <span class='ocrx_word' id='word_1_225' title='bbox 2250 2895 2311 2949; x_wconf 87' lang='lat' dir='ltr'>B.</span> <span class='ocrx_word' id='word_1_226' title='bbox 2330 2895 2581 2949; x_wconf 84' lang='lat' dir='ltr'>Andreae</span> <span class='ocrx_word' id='word_1_227' title='bbox 2606 2892 2817 2948; x_wconf 91' lang='lat' dir='ltr'>Corsini</span> 
     </span>
     <span class='ocr_line' id='line_1_24' title="bbox 606 2991 2821 3063; baseline -0.001 -15"><span class='ocrx_word' id='word_1_228' title='bbox 606 3011 640 3048; x_wconf 93' lang='lat' dir='ltr'>a</span> <span class='ocrx_word' id='word_1_229' title='bbox 676 2995 960 3049; x_wconf 89' lang='lat' dir='ltr'>Dominico</span> <span class='ocrx_word' id='word_1_230' title='bbox 999 3012 1029 3048; x_wconf 91' lang='lat' dir='ltr'>a</span> <span class='ocrx_word' id='word_1_231' title='bbox 1068 2996 1191 3050; x_wconf 87' lang='lat' dir='ltr'>Iesu</span> <span class='ocrx_word' id='word_1_232' title='bbox 1228 2996 1480 3063; x_wconf 78' lang='lat' dir='ltr'>vulgatae</span> <span class='ocrx_word' id='word_1_233' title='bbox 1515 2995 1763 3063; x_wconf 87' lang='lat' dir='ltr'>apprime</span> <span class='ocrx_word' id='word_1_234' title='bbox 1797 2996 2056 3048; x_wconf 80' lang='lat' dir='ltr'>convenit</span> <span class='ocrx_word' id='word_1_235' title='bbox 2091 3011 2217 3048; x_wconf 89' lang='lat' dir='ltr'>cum</span> <span class='ocrx_word' id='word_1_236' title='bbox 2253 2999 2406 3048; x_wconf 83' lang='lat' dir='ltr'>textu</span> <span class='ocrx_word' id='word_1_237' title='bbox 2443 2993 2645 3049; x_wconf 89' lang='lat' dir='ltr'>codicis</span> <span class='ocrx_word' id='word_1_238' title='bbox 2672 2991 2821 3046; x_wconf 87' lang='lat' dir='ltr'>Vati·</span> 
     </span>
     <span class='ocr_line' id='line_1_25' title="bbox 606 3092 2817 3162; baseline -0.001 -14"><span class='ocrx_word' id='word_1_239' title='bbox 606 3095 727 3149; x_wconf 86' lang='lat' dir='ltr'>cani</span> <span class='ocrx_word' id='word_1_240' title='bbox 749 3095 898 3150; x_wconf 84' lang='lat'><strong>3813.</strong></span> <span class='ocrx_word' id='word_1_241' title='bbox 930 3094 1111 3162; x_wconf 86' lang='lat' dir='ltr'>Quare</span> <span class='ocrx_word' id='word_1_242' title='bbox 1147 3095 1263 3149; x_wconf 89' lang='lat' dir='ltr'>iure</span> <span class='ocrx_word' id='word_1_243' title='bbox 1297 3095 1626 3149; x_wconf 89' lang='lat' dir='ltr'>concludere</span> <span class='ocrx_word' id='word_1_244' title='bbox 1664 3095 1795 3148; x_wconf 88' lang='lat' dir='ltr'>licet</span> <span class='ocrx_word' id='word_1_245' title='bbox 1835 3094 2013 3148; x_wconf 89' lang='lat' dir='ltr'>hance</span> <span class='ocrx_word' id='word_1_246' title='bbox 2051 3094 2218 3147; x_wconf 87' lang='lat' dir='ltr'>fuisse</span> <span class='ocrx_word' id='word_1_247' title='bbox 2261 3110 2519 3148; x_wconf 89' lang='lat' dir='ltr'>normam</span> <span class='ocrx_word' id='word_1_248' title='bbox 2562 3092 2817 3148; x_wconf 88' lang='lat' dir='ltr'>editionis</span> 
     </span>
     <span class='ocr_line' id='line_1_26' title="bbox 606 3193 2820 3263; baseline -0.001 -15"><span class='ocrx_word' id='word_1_249' title='bbox 606 3195 871 3263; x_wconf 81' lang='lat' dir='ltr'>principis,</span> <span class='ocrx_word' id='word_1_250' title='bbox 895 3194 1058 3249; x_wconf 83' lang='lat' dir='ltr'>Forte</span> <span class='ocrx_word' id='word_1_251' title='bbox 1083 3193 1378 3248; x_wconf 88' lang='lat' dir='ltr'>coniecerit</span> <span class='ocrx_word' id='word_1_252' title='bbox 1400 3193 1518 3262; x_wconf 89' lang='lat' dir='ltr'>ipse</span> <span class='ocrx_word' id='word_1_253' title='bbox 1542 3193 1861 3247; x_wconf 89' lang='lat' dir='ltr'>Dominicus</span> <span class='ocrx_word' id='word_1_254' title='bbox 1891 3211 1924 3247; x_wconf 91' lang='lat' dir='ltr'>a</span> <span class='ocrx_word' id='word_1_255' title='bbox 1949 3194 2070 3247; x_wconf 91' lang='lat' dir='ltr'>Iesu</span> <span class='ocrx_word' id='word_1_256' title='bbox 2096 3193 2339 3247; x_wconf 87' lang='lat' dir='ltr'>codicem</span> <span class='ocrx_word' id='word_1_257' title='bbox 2364 3193 2531 3247; x_wconf 87' lang='lat' dir='ltr'>fuisse</span> <span class='ocrx_word' id='word_1_258' title='bbox 2561 3193 2617 3246; x_wconf 90' lang='lat' dir='ltr'>in</span> <span class='ocrx_word' id='word_1_259' title='bbox 2641 3209 2820 3246; x_wconf 88' lang='lat' dir='ltr'>mem·</span> 
     </span>
     <span class='ocr_line' id='line_1_27' title="bbox 608 3292 2814 3363; baseline -0.001 -16"><span class='ocrx_word' id='word_1_260' title='bbox 608 3293 779 3347; x_wconf 88' lang='lat' dir='ltr'>brana</span> <span class='ocrx_word' id='word_1_261' title='bbox 828 3298 1114 3348; x_wconf 86' lang='lat' dir='ltr'>exaratum</span> <span class='ocrx_word' id='word_1_262' title='bbox 1162 3298 1217 3347; x_wconf 88' lang='lat' dir='ltr'>et</span> <span class='ocrx_word' id='word_1_263' title='bbox 1259 3293 1352 3363; x_wconf 88' lang='lat' dir='ltr'>qui</span> <span class='ocrx_word' id='word_1_264' title='bbox 1394 3293 1463 3346; x_wconf 91' lang='lat' dir='ltr'>ad</span> <span class='ocrx_word' id='word_1_265' title='bbox 1500 3309 1628 3347; x_wconf 89' lang='lat' dir='ltr'>eum</span> <span class='ocrx_word' id='word_1_266' title='bbox 1671 3292 1940 3360; x_wconf 86' lang='lat' dir='ltr'>triplicem</span> <span class='ocrx_word' id='word_1_267' title='bbox 1992 3293 2161 3346; x_wconf 82' lang='lat' dir='ltr'>vitam</span> <span class='ocrx_word' id='word_1_268' title='bbox 2215 3297 2614 3360; x_wconf 86' lang='lat' dir='ltr'>transumptam</span> <span class='ocrx_word' id='word_1_269' title='bbox 2653 3292 2814 3358; x_wconf 88' lang='lat' dir='ltr'>misit,</span> 
     </span>
     <span class='ocr_line' id='line_1_28' title="bbox 603 3391 2816 3462; baseline -0.001 -16"><span class='ocrx_word' id='word_1_270' title='bbox 603 3393 812 3462; x_wconf 87' lang='lat' dir='ltr'>aliquot</span> <span class='ocrx_word' id='word_1_271' title='bbox 845 3408 1036 3446; x_wconf 85' lang='lat' dir='ltr'>versus</span> <span class='ocrx_word' id='word_1_272' title='bbox 1087 3392 1305 3460; x_wconf 88' lang='lat' dir='ltr'>proprio</span> <span class='ocrx_word' id='word_1_273' title='bbox 1344 3396 1519 3445; x_wconf 88' lang='lat' dir='ltr'>marte</span> <span class='ocrx_word' id='word_1_274' title='bbox 1565 3407 1727 3445; x_wconf 88' lang='lat' dir='ltr'>cusos</span> <span class='ocrx_word' id='word_1_275' title='bbox 1770 3397 2054 3461; x_wconf 89' lang='lat' dir='ltr'>tamquam</span> <span class='ocrx_word' id='word_1_276' title='bbox 2083 3391 2572 3460; x_wconf 81' lang='lat' dir='ltr'>praefatiunculam</span> <span class='ocrx_word' id='word_1_277' title='bbox 2621 3407 2816 3460; x_wconf 87' lang='lat' dir='ltr'>quam-</span> 
     </span>
     <span class='ocr_line' id='line_1_29' title="bbox 606 3492 1061 3561; baseline -0.002 -15"><span class='ocrx_word' id='word_1_278' title='bbox 606 3492 751 3561; x_wconf 87' lang='lat' dir='ltr'>piam</span> <span class='ocrx_word' id='word_1_279' title='bbox 778 3492 1061 3547; x_wconf 84' lang='lat' dir='ltr'>addiderit.</span> 
     </span>
    </p>
   </div>
   <div class='ocr_carea' id='block_1_3' title="bbox 345 3862 2819 3978">
    <p class='ocr_par' dir='ltr' id='par_1_5' title="bbox 345 3862 2819 3978">
     <span class='ocr_line' id='line_1_30' title="bbox 345 3862 2819 3978; baseline 0.001 -3"><span class='ocrx_word' id='word_1_280' title='bbox 345 3862 731 3975; x_wconf 84' lang='lat' dir='ltr'><strong>VITA</strong></span> <span class='ocrx_word' id='word_1_281' title='bbox 836 3862 940 3975; x_wconf 80' lang='lat' dir='ltr'>S.</span> <span class='ocrx_word' id='word_1_282' title='bbox 1046 3864 1716 3976; x_wconf 83' lang='lat' dir='ltr'><strong>ALBERTI</strong></span> <span class='ocrx_word' id='word_1_283' title='bbox 1823 3864 2819 3978; x_wconf 77' lang='lat' dir='ltr'>CONFESSORIS</span> 
     </span>
    </p>
   </div>
   <div class='ocr_carea' id='block_1_4' title="bbox 908 4087 2258 4148">
    <p class='ocr_par' dir='ltr' id='par_1_6' title="bbox 908 4087 2258 4148">
     <span class='ocr_line' id='line_1_31' title="bbox 908 4087 2258 4148; baseline 0.001 -3"><span class='ocrx_word' id='word_1_284' title='bbox 908 4087 1343 4146; x_wconf 79' lang='lat' dir='ltr'>ORDINIS</span> <span class='ocrx_word' id='word_1_285' title='bbox 1416 4089 2258 4148; x_wconf 79' lang='lat' dir='ltr'>GARMELITARUM</span> 
     </span>
    </p>
   </div>
   <div class='ocr_carea' id='block_1_5' title="bbox 349 4279 2826 5034">
    <p class='ocr_par' dir='ltr' id='par_1_7' title="bbox 349 4279 2824 4843">
     <span class='ocr_line' id='line_1_32' title="bbox 412 4279 2823 4350; baseline 0 -15"><span class='ocrx_word' id='word_1_286' title='bbox 412 4280 474 4335; x_wconf 86' lang='lat' dir='ltr'>In</span> <span class='ocrx_word' id='word_1_287' title='bbox 497 4281 608 4335; x_wconf 87' lang='lat' dir='ltr'>hac</span> <span class='ocrx_word' id='word_1_288' title='bbox 644 4279 765 4334; x_wconf 86' lang='lat' dir='ltr'>Vita</span> <span class='ocrx_word' id='word_1_289' title='bbox 789 4280 999 4334; x_wconf 87' lang='lat' dir='ltr'>edenda</span> <span class='ocrx_word' id='word_1_290' title='bbox 1022 4280 1284 4334; x_wconf 89' lang='lat' dir='ltr'>continuo</span> <span class='ocrx_word' id='word_1_291' title='bbox 1310 4282 1650 4349; x_wconf 82' lang='lat' dir='ltr'>respeximus</span> <span class='ocrx_word' id='word_1_292' title='bbox 1680 4282 1749 4335; x_wconf 89' lang='lat' dir='ltr'>ad</span> <span class='ocrx_word' id='word_1_293' title='bbox 1771 4287 2025 4350; x_wconf 82' lang='lat' dir='ltr'>excerpta</span> <span class='ocrx_word' id='word_1_294' title='bbox 2060 4300 2092 4336; x_wconf 90' lang='lat' dir='ltr'>a</span> <span class='ocrx_word' id='word_1_295' title='bbox 2118 4283 2155 4335; x_wconf 84' lang='lat'>1.</span> <span class='ocrx_word' id='word_1_296' title='bbox 2185 4282 2242 4336; x_wconf 88' lang='lat' dir='ltr'>B.</span> <span class='ocrx_word' id='word_1_297' title='bbox 2272 4283 2342 4336; x_wconf 90' lang='lat' dir='ltr'>de</span> <span class='ocrx_word' id='word_1_298' title='bbox 2367 4282 2580 4336; x_wconf 87' lang='lat' dir='ltr'>Lezana</span> <span class='ocrx_word' id='word_1_299' title='bbox 2602 4282 2823 4349; x_wconf 81' lang='lat' dir='ltr'>vulgata</span> 
     </span>
     <span class='ocr_line' id='line_1_33' title="bbox 350 4379 2820 4451; baseline 0.001 -18"><span class='ocrx_word' id='word_1_300' title='bbox 350 4383 435 4444; x_wconf 82' lang='lat'>(=</span> <span class='ocrx_word' id='word_1_301' title='bbox 466 4382 540 4444; x_wconf 83' lang='lat'>1),</span> <span class='ocrx_word' id='word_1_302' title='bbox 566 4383 684 4434; x_wconf 89' lang='lat' dir='ltr'>tum</span> <span class='ocrx_word' id='word_1_303' title='bbox 704 4381 774 4434; x_wconf 87' lang='lat' dir='ltr'>ad</span> <span class='ocrx_word' id='word_1_304' title='bbox 793 4380 1073 4449; x_wconf 89' lang='lat' dir='ltr'>epitomen</span> <span class='ocrx_word' id='word_1_305' title='bbox 1090 4397 1236 4434; x_wconf 89' lang='lat' dir='ltr'>anno</span> <span class='ocrx_word' id='word_1_306' title='bbox 1260 4381 1387 4434; x_wconf 73' lang='lat'>1483</span> <span class='ocrx_word' id='word_1_307' title='bbox 1404 4379 1606 4434; x_wconf 88' lang='lat' dir='ltr'>editam</span> <span class='ocrx_word' id='word_1_308' title='bbox 1631 4381 1718 4446; x_wconf 86' lang='lat'>(=</span> <span class='ocrx_word' id='word_1_309' title='bbox 1736 4383 1814 4446; x_wconf 77' lang='lat'>2),</span> <span class='ocrx_word' id='word_1_310' title='bbox 1835 4386 1950 4435; x_wconf 90' lang='lat' dir='ltr'>tum</span> <span class='ocrx_word' id='word_1_311' title='bbox 1972 4381 2041 4435; x_wconf 89' lang='lat' dir='ltr'>ad</span> <span class='ocrx_word' id='word_1_312' title='bbox 2061 4381 2213 4436; x_wconf 86' lang='lat' dir='ltr'>Vitas</span> <span class='ocrx_word' id='word_1_313' title='bbox 2237 4382 2466 4451; x_wconf 89' lang='lat' dir='ltr'>scriptas</span> <span class='ocrx_word' id='word_1_314' title='bbox 2484 4399 2518 4436; x_wconf 92' lang='lat' dir='ltr'>a</span> <span class='ocrx_word' id='word_1_315' title='bbox 2537 4382 2820 4436; x_wconf 87' lang='lat' dir='ltr'>Vincentio</span> 
     </span>
     <span class='ocr_line' id='line_1_34' title="bbox 350 4478 2824 4548; baseline 0.001 -15"><span class='ocrx_word' id='word_1_316' title='bbox 350 4478 595 4534; x_wconf 77' lang='lat' dir='ltr'>Barbare</span> <span class='ocrx_word' id='word_1_317' title='bbox 636 4485 722 4547; x_wconf 81' lang='lat'>(===</span> <span class='ocrx_word' id='word_1_318' title='bbox 746 4482 826 4547; x_wconf 87' lang='grc'>3),</span> <span class='ocrx_word' id='word_1_319' title='bbox 862 4497 896 4533; x_wconf 88' lang='lat' dir='ltr'>a</span> <span class='ocrx_word' id='word_1_320' title='bbox 929 4479 1272 4534; x_wconf 86' lang='lat' dir='ltr'>Theoderico</span> <span class='ocrx_word' id='word_1_321' title='bbox 1309 4480 1376 4534; x_wconf 91' lang='lat' dir='ltr'>de</span> <span class='ocrx_word' id='word_1_322' title='bbox 1411 4479 1582 4548; x_wconf 85' lang='lat' dir='ltr'>Aquis</span> <span class='ocrx_word' id='word_1_323' title='bbox 1617 4483 1703 4542; x_wconf 87' lang='lat'>(=</span> <span class='ocrx_word' id='word_1_324' title='bbox 1728 4482 1795 4545; x_wconf 80' lang='lat'>4)</span> <span class='ocrx_word' id='word_1_325' title='bbox 1832 4485 1884 4534; x_wconf 87' lang='lat' dir='ltr'>et</span> <span class='ocrx_word' id='word_1_326' title='bbox 1914 4497 1948 4534; x_wconf 92' lang='lat' dir='ltr'>a</span> <span class='ocrx_word' id='word_1_327' title='bbox 1987 4481 2235 4535; x_wconf 86' lang='lat' dir='ltr'>Iohanne</span> <span class='ocrx_word' id='word_1_328' title='bbox 2269 4480 2440 4535; x_wconf 85' lang='lat' dir='ltr'>Maria</span> <span class='ocrx_word' id='word_1_329' title='bbox 2477 4482 2545 4534; x_wconf 87' lang='lat' dir='ltr'>de</span> <span class='ocrx_word' id='word_1_330' title='bbox 2587 4481 2824 4535; x_wconf 87' lang='lat' dir='ltr'>Poluciis</span> 
     </span>
     <span class='ocr_line' id='line_1_35' title="bbox 353 4578 2821 4649; baseline -0 -15"><span class='ocrx_word' id='word_1_331' title='bbox 353 4581 437 4645; x_wconf 90' lang='lat'>(=</span> <span class='ocrx_word' id='word_1_332' title='bbox 464 4580 549 4645; x_wconf 84' lang='lat'>5),</span> <span class='ocrx_word' id='word_1_333' title='bbox 574 4580 645 4634; x_wconf 81' lang='lat' dir='ltr'>de</span> <span class='ocrx_word' id='word_1_334' title='bbox 667 4579 1068 4649; x_wconf 86' lang='lat' dir='ltr'>quibus-supra.</span> <span class='ocrx_word' id='word_1_335' title='bbox 1101 4580 1183 4633; x_wconf 92' lang='lat' dir='ltr'>Ita</span> <span class='ocrx_word' id='word_1_336' title='bbox 1206 4578 1479 4633; x_wconf 86' lang='lat' dir='ltr'>constabit</span> <span class='ocrx_word' id='word_1_337' title='bbox 1501 4583 1770 4647; x_wconf 82' lang='lat' dir='ltr'>quantum</span> <span class='ocrx_word' id='word_1_338' title='bbox 1793 4579 1991 4647; x_wconf 77' lang='lat' dir='ltr'>singuli</span> <span class='ocrx_word' id='word_1_339' title='bbox 2027 4596 2092 4634; x_wconf 85' lang='lat' dir='ltr'>ex</span> <span class='ocrx_word' id='word_1_340' title='bbox 2129 4580 2462 4633; x_wconf 90' lang='lat' dir='ltr'>documento</span> <span class='ocrx_word' id='word_1_341' title='bbox 2497 4579 2821 4647; x_wconf 78' lang='lat' dir='ltr'>primigenio</span> 
     </span>
     <span class='ocr_line' id='line_1_36' title="bbox 349 4678 2823 4749; baseline -0 -15"><span class='ocrx_word' id='word_1_342' title='bbox 349 4680 766 4749; x_wconf 73' lang='lat' dir='ltr'>desumpserint.</span> <span class='ocrx_word' id='word_1_343' title='bbox 790 4678 946 4746; x_wconf 87' lang='lat' dir='ltr'>Quae</span> <span class='ocrx_word' id='word_1_344' title='bbox 963 4682 1148 4733; x_wconf 89' lang='lat' dir='ltr'>autem</span> <span class='ocrx_word' id='word_1_345' title='bbox 1167 4679 1235 4732; x_wconf 93' lang='lat' dir='ltr'>ad</span> <span class='ocrx_word' id='word_1_346' title='bbox 1253 4678 1573 4732; x_wconf 88' lang='lat' dir='ltr'>illustranda</span> <span class='ocrx_word' id='word_1_347' title='bbox 1592 4679 1796 4733; x_wconf 82' lang='lat' dir='ltr'>Alberti</span> <span class='ocrx_word' id='word_1_348' title='bbox 1823 4684 1975 4748; x_wconf 75' lang='lat' dir='ltr'>gesta</span> <span class='ocrx_word' id='word_1_349' title='bbox 1992 4679 2047 4733; x_wconf 88' lang='lat' dir='ltr'>in</span> <span class='ocrx_word' id='word_1_350' title='bbox 2069 4683 2221 4733; x_wconf 74' lang='lat' dir='ltr'>Actis</span> <span class='ocrx_word' id='word_1_351' title='bbox 2244 4680 2567 4733; x_wconf 76' lang='lat' dir='ltr'>Sanctorum</span> <span class='ocrx_word' id='word_1_352' title='bbox 2585 4679 2823 4734; x_wconf 88' lang='lat' dir='ltr'>maiores</span> 
     </span>
     <span class='ocr_line' id='line_1_37' title="bbox 352 4778 1928 4843; baseline -0.001 -8"><span class='ocrx_word' id='word_1_353' title='bbox 352 4780 523 4835; x_wconf 87' lang='lat' dir='ltr'>nostri</span> <span class='ocrx_word' id='word_1_354' title='bbox 545 4783 697 4835; x_wconf 88' lang='lat' dir='ltr'>recte</span> <span class='ocrx_word' id='word_1_355' title='bbox 720 4779 1136 4843; x_wconf 76' lang='lat' dir='ltr'>adnotaverunt,</span> <span class='ocrx_word' id='word_1_356' title='bbox 1161 4795 1228 4832; x_wconf 87' lang='lat' dir='ltr'>ea</span> <span class='ocrx_word' id='word_1_357' title='bbox 1251 4778 1499 4832; x_wconf 87' lang='lat' dir='ltr'>iteranda</span> <span class='ocrx_word' id='word_1_358' title='bbox 1516 4794 1628 4832; x_wconf 89' lang='lat' dir='ltr'>non</span> <span class='ocrx_word' id='word_1_359' title='bbox 1653 4778 1928 4833; x_wconf 83' lang='lat' dir='ltr'>duximus.</span> 
     </span>
    </p>

    <p class='ocr_par' dir='ltr' id='par_1_8' title="bbox 357 4877 2826 5034">
     <span class='ocr_line' id='line_1_38' title="bbox 416 4877 2826 4946; baseline -0.001 -12"><span class='ocrx_word' id='word_1_360' title='bbox 416 4880 583 4934; x_wconf 84' lang='lat' dir='ltr'>Lecto</span> <span class='ocrx_word' id='word_1_361' title='bbox 609 4879 816 4940; x_wconf 86' lang='lat' dir='ltr'>libello,</span> <span class='ocrx_word' id='word_1_362' title='bbox 839 4878 983 4932; x_wconf 89' lang='lat' dir='ltr'>ultro</span> <span class='ocrx_word' id='word_1_363' title='bbox 1007 4879 1235 4946; x_wconf 83' lang='lat' dir='ltr'>quisque</span> <span class='ocrx_word' id='word_1_364' title='bbox 1258 4878 1517 4932; x_wconf 85' lang='lat' dir='ltr'>fatebitur</span> <span class='ocrx_word' id='word_1_365' title='bbox 1540 4894 1653 4932; x_wconf 91' lang='lat' dir='ltr'>non</span> <span class='ocrx_word' id='word_1_366' title='bbox 1677 4877 1875 4932; x_wconf 90' lang='lat' dir='ltr'>iniuria</span> <span class='ocrx_word' id='word_1_367' title='bbox 1898 4878 2161 4932; x_wconf 87' lang='lat' dir='ltr'>rusticum</span> <span class='ocrx_word' id='word_1_368' title='bbox 2188 4877 2429 4931; x_wconf 87' lang='lat' dir='ltr'>auctoris</span> <span class='ocrx_word' id='word_1_369' title='bbox 2452 4893 2766 4932; x_wconf 86' lang='lat' dir='ltr'>sermonem</span> <span class='ocrx_word' id='word_1_370' title='bbox 2791 4894 2826 4932; x_wconf 88' lang='lat' dir='ltr'>a</span> 
     </span>
     <span class='ocr_line' id='line_1_39' title="bbox 357 4978 1345 5034; baseline -0.001 -2"><span class='ocrx_word' id='word_1_371' title='bbox 357 4978 641 5034; x_wconf 87' lang='lat' dir='ltr'>Vincentio</span> <span class='ocrx_word' id='word_1_372' title='bbox 666 4978 912 5033; x_wconf 76' lang='lat' dir='ltr'>Bai-baro</span> <span class='ocrx_word' id='word_1_373' title='bbox 936 4982 1188 5032; x_wconf 87' lang='lat' dir='ltr'>notatum</span> <span class='ocrx_word' id='word_1_374' title='bbox 1212 4994 1345 5032; x_wconf 86' lang='lat' dir='ltr'>esse.</span> 
     </span>
    </p>
   </div>
  </div>
 </body>
</html>
