3487 5450
309 1494 505 1549 *Mo

318 4073 347 4103 ‘¹
370 4075 406 4128 f.
428 4073 536 4128 20⁷.

655 572 798 645 326
914 645 922 651 ,
1329 591 1906 643 nati-monstrum
1959 590 2457 643 cantaturam

654 781 862 863 inquit
900 799 1035 857 rex,
1081 780 1311 867 fuyam
1363 780 1682 862 capiemus
1710 797 1926 842 versus
1956 776 2265 841 Cathanie
2292 784 2596 841 castrum.
2624 777 2810 844 Tunc
2842 779 3015 846 cives
3060 784 3130 846 et

653 880 903 947 nobiles
933 879 1210 944 civitatis
1235 879 1317 943 de
1348 878 1787 943 destructione
1817 881 1957 943 tam
1978 876 2211 942 nobilis
2254 876 2533 942 civitatis
2563 876 2856 943 dolentes
2899 899 3129 946 amare

655 978 921 1056 flebant,
945 998 1022 1043 ac
1051 979 1297 1062 regium
1342 979 1626 1043 edictum
1668 977 2094 1042 actendentes
2123 995 2267 1041 esse
2308 976 2751 1056 irrevocabile,
2774 978 3079 1045 dixerunt
3112 1003 3128 1044 ε

658 1078 890 1142 Melius
927 1084 1013 1142 est
1043 1099 1297 1162 sperare
1346 1079 1414 1141 in
1444 1077 1721 1142 Domino
1764 1097 1953 1161 quam
1998 1077 2070 1139 in
2110 1075 2300 1139 huius
2331 1075 2554 1139 mundi
2581 1077 2673 1158 (1)
2713 1077 3130 1161 principibus.

657 1177 833 1241 Deus
881 1180 1044 1241 enim
1085 1198 1210 1242 non
1249 1177 1548 1261 relinquit
1587 1176 1880 1261 perficere
1907 1176 1998 1258 (2)
2020 1182 2341 1259 sperantes
2373 1178 2440 1239 in
2482 1196 2564 1240 se.
2608 1175 2854 1241 Eamus
2894 1197 3038 1260 erqo
3073 1184 3133 1243 et
3166 1198 3198 1243 o

656 1279 1061 1362 inquiramus
1089 1298 1334 1341 servum
1360 1276 1485 1341 Dei
1512 1276 1863 1358 Albertum,
1878 1277 1987 1360 qui
2002 1274 2210 1339 Deum
2232 1282 2290 1339 et
2311 1282 2579 1340 matrem
2609 1277 2743 1340 eius
2764 1278 3135 1360 suppliciter

657 1384 861 1441 exoret
896 1397 1021 1460 pro
1066 1378 1300 1461 populo
1350 1379 1469 1439 isto
1521 1385 1576 1439 et
1618 1378 1864 1440 civitate
1902 1374 2022 1439 hac
2069 1394 2209 1439 sua.
2250 1374 2358 1440 Ad
2404 1394 2634 1441 vocem
2664 1377 2859 1441 istam
2899 1396 3134 1442 omnes

657 1476 909 1541 irruunt
939 1477 1025 1541 ad
1054 1477 1265 1540 virum
1287 1475 1426 1555 Dei,
1450 1475 1555 1540 die
1587 1475 1931 1553 dominica,
1961 1474 2120 1558 dum
2161 1474 2514 1539 missarum
2543 1475 2906 1558 solempnia
2926 1476 3137 1542 ce*le-

659 1576 951 1640 brantur.
988 1576 1094 1640 Ab
1126 1576 1488 1658 eodemque
1513 1574 1824 1640 auxilium
1846 1574 2176 1639 humiliter
2203 1573 2483 1639 lacrimis
2523 1575 2931 1657 postulantes
2960 1576 3138 1641 dice-

659 1676 819 1739 bant
851 1697 867 1738 :
898 1674 1026 1739 Sub
1056 1682 1236 1739 tuum
1266 1674 1637 1758 presidium,
1667 1694 1836 1738 serve
1864 1673 2006 1755 Dei,
2025 1674 2202 1756 fame
2213 1674 2523 1757 perientes
2546 1674 2963 1758 confuyimus.
2995 1675 3136 1740 Ora
3171 1691 3241 1742 40

660 1794 803 1859 erqo
825 1774 1031 1839 Deum
1062 1782 1116 1838 ei
1155 1774 1429 1839 Beatam
1476 1773 1813 1859 Vir-qinem,
1834 1780 1905 1836 ut
1934 1774 2060 1836 tuis
2089 1774 2325 1837 sanctis
2364 1772 2655 1856 precibus
2681 1794 2797 1838 nos
2836 1776 2903 1837 in
2934 1778 3135 1841 tantis

658 1874 957 1957 periculis
984 1875 1311 1938 destitutos
1353 1881 1636 1958 prote-qut
1665 1872 1745 1937 ab
1765 1861 2299 1948 inimicisnostris
2328 1878 2382 1936 et
2407 1871 2737 1954 famelicos
2763 1875 2984 1950 visitet,
3005 1896 3133 1940 non

662 1974 1050 2038 obstantibus
1080 1964 1813 2059 iniquitatibus'nostris.
1849 1973 1961 2037 Vir
1988 1971 2107 2036 Dei
2133 1971 2445 2037 Albertus
2480 1992 2628 2037 cum
2668 1973 2789 2039 hos
2810 1975 2953 2057 pios
2998 1995 3137 2041 ser·

662 2093 889 2138 mones
915 2079 980 2139 et
1023 2072 1411 2140 sacrificium
1453 2073 1739 2151 offerret,
1770 2071 2146 2137 lacrimatus
2184 2076 2307 2137 est.
2357 2064 2645 2137 Geriibus
2682 2073 2906 2156 itaque
2945 2075 3147 2141 flexis

661 2172 874 2238 Deum
902 2175 993 2238 sic
1015 2174 1105 2255 (3)
1137 2178 1442 2256 precatus
1473 2176 1614 2237 est:
1643 2170 1918 2235 Domine
1948 2171 2124 2236 Deus
2153 2173 2609 2253 universorum,
2636 2174 2892 2258 quinon
2913 2194 3137 2239 ascon-
3177 2199 3244 2245 ⁴5

663 2272 767 2337 dis
784 2273 1013 2355 faciem
1043 2282 1224 2337 tuam
1269 2271 1348 2336 ab
1389 2272 1490 2337 his
1533 2274 1644 2356 qui
1685 2273 1755 2335 in
1797 2278 1853 2336 te
1878 2272 1971 2355 (4)
2015 2277 2137 2334 toto
2193 2277 2248 2334 et
2287 2273 2526 2336 sincero
2567 2271 2752 2336 corde
2788 2272 3136 2355 confidunt,

664 2374 897 2456 respice
919 2372 998 2435 de
1022 2373 1254 2436 excelso
1283 2371 1556 2436 celorum
1580 2390 1769 2455 super
1780 2370 2086 2454 populum
2112 2376 2288 2433 tuum
2304 2372 2393 2435 sic
2404 2372 2797 2453 clamantem,
2812 2379 2867 2435 et
2886 2372 3138 2455 effunde

665 2471 1167 2535 misericordiam
1214 2478 1394 2535 tuam
1418 2491 1627 2555 super
1668 2491 1828 2535 eum.
1873 2469 2092 2534 Pasce‘
2107 2470 2566 2553 famescentem,
2607 2472 2719 2556 qui
2771 2472 2840 2535 in
2893 2471 3138 2537 deserto

664 2573 1045 2636 exurientem
1087 2574 1361 2637 satiasti.
1405 2569 1691 2635 Eaetende
1732 2570 2058 2635 brachium
2109 2569 2386 2634 destrum
2423 2577 2479 2635 et
2517 2570 2779 2653 defende
2824 2572 3139 2636 civitatem

664 2672 876 2753 istam,
904 2679 975 2737 ut
1002 2672 1077 2736 de
1105 2678 1160 2736 te
1202 2691 1328 2736 non
1365 2670 1646 2754 diffidat,
1675 2670 1785 2737 sed
1829 2669 2124 2753 confidat,
2154 2691 2314 2755 quae
2354 2671 2488 2735 sine
2514 2670 2758 2735 auxilio
2788 2677 2845 2735 et
2883 2670 3139 2737 brachio
3176 2691 3250 2743 20
3318 2688 3331 2698 ·

668 2777 773 2834 tuo
803 2771 982 2835 salva
1015 2773 1346 2836 consistere
1372 2792 1500 2835 non
1512 2778 1715 2855 potest
1723 2794 1751 2851 ,·
1779 2778 1837 2835 et
1857 2771 2136 2855 amplius
2162 2783 2290 2834 non
2318 2772 2401 2834 sit
2426 2770 2815 2854 sperandum
2836 2773 2907 2835 in
2924 2771 3140 2836 multi-

667 2871 883 2935 tudine
911 2870 1302 2951 bellatorum,
1330 2871 1439 2935 sed
1467 2872 1671 2935 solum
1701 2872 1770 2935 in
1797 2883 1800 2886 ’
1824 2872 2080 2944 ηοηιίηε,
2116 2877 2332 2934 sancto
2373 2877 2498 2934 tuo,
2532 2869 2846 2935 Succurre
2870 2873 3140 2953 miseris,

668 2973 815 3033 iuva
838 2971 1302 3055 pusillanimes,
1350 2978 1421 3033 ut
1475 2970 1725 3034 Sathau
1753 2991 1882 3035 non
1910 2970 2300 3054 conyaucleat
2328 2969 2405 3033 de
2432 2977 2768 3034 tantarum
2792 2970 3145 3055 perditione

669 3071 1058 3134 animarum.
1074 3070 1220 3149 Qua
1243 3070 1538 3136 oratione
1559 3070 1766 3147 finita,
1790 3090 1938 3135 ecce
1960 3069 2435 3149 tonitruum,de
2451 3090 2582 3153 quo
2604 3070 2851 3136 cunctis
2873 3071 3145 3136 audien-

668 3170 843 3235 tibus
871 3190 1001 3235 vox
1030 3171 1219 3254 quasi
1242 3170 1405 3235 tuba
1425 3171 1493 3235 in
1514 3170 1897 3240 abscondito
1926 3170 2208 3235 intonuit
2235 3168 2455 3235 dicens
2487 3192 2504 3234 ε
2532 3169 2888 3259 Exaudiait
2911 3170 3144 3236 Domi·
3184 3190 3252 3238 ιε

670 3289 790 3332 nus
819 3272 1136 3334 orationes
1159 3277 1322 3334 tuas.
1349 3269 1535 3334 Tunc
1564 3270 2043 3335 admirantibus
2073 3269 2318 3334 cunctis
2354 3270 2526 3334 facta
2554 3273 2655 3335 est
2676 3270 2881 3335 letitia
2901 3270 3144 3355 magna
3325 3267 3328 3268 ⁷
3359 3264 3370 3270 ’

668 3370 736 3434 in
776 3370 1038 3452 popum,
1070 3370 1317 3451 gratias
1361 3369 1495 3434 Deo
1539 3389 1813 3452 magnas
1857 3368 2218 3445 referend0‚
2254 3369 2366 3451 qui
2409 3369 2659 3434 meritis
2701 3369 2893 3434 huius
2934 3372 3145 3454 patris

669 3467 921 3531 Alberti
960 3466 1314 3532 clamorem
1348 3467 1681 3531 exaudivit
1700 3467 1925 3550 populi
1958 3466 2075 3531 sui.
2098 3466 2357 3531 Interea
2384 3467 2451 3531 in
2471 3471 2667 3549 portu
2696 3472 3148 3550 apparuerunt

670 3566 854 3649 galee
883 3569 918 3607 *
948 3566 1170 3649 plures
1199 3567 1298 3651 (5)
1323 3566 1711 3631 victualibus
1746 3565 2047 3643 honuste‚
2079 3585 2356 3649 quarum
2378 3565 2772 3632 advenctum
2801 3568 3149 3652 unusquis-

672 3685 801 3748 que
849 3665 1188 3748 ignoravit,
1221 3686 1310 3755 ,eo
1357 3666 1535 3749 quod
1566 3670 1798 3749 portus
1832 3665 1938 3730 ille
1980 3665 2501 3731 circumvallatus
2532 3669 2705 3732 esset
2735 3665 3145 3733 inimicorum
3187 3683 3255 3734 3ο

673 3765 980 3842 exercitu,
1029 3784 1244 3848 neque
1295 3785 1525 3830 earum
1568 3765 1831 3849 patroni
1879 3764 2018 3830 noti
2047 3765 2258 3841 fuere;
2295 3765 2412 3830 sed
2461 3785 2611 3831 cum
2640 3766 2877 3849 gaudio
2907 3785 3148 3849 magno

672 3865 977 3930 omnibus
1020 3865 1294 3930 sublatis
1339 3864 1664 3930 alimentis
1693 3865 1997 3930 abierunt
2039 3866 2108 3929 in
2146 3868 2359 3943 nocte,
2401 3863 2680 3930 Domino
2719 3866 3149 3948 gubernante.

661 3963 864 4043 ,Quod
891 3983 1007 4029 rex
1036 3964 1264 4028 videns
1295 3983 1443 4029 curn
1467 3963 1812 4030 comitibus
1841 3965 1975 4030 suis
1998 3983 2076 4030 ac
2103 3964 2366 4047 popum,
2390 3968 2530 4029 tam
2560 3964 2804 4049 ingenti
2833 3967 3149 4033 miraculo

674 4063 1039 4147 stupefacti,
1083 4065 1581 4146 properarunt*
1622 4064 1709 4129 ad
1758 4064 1970 4128 virum
2020 4063 2139 4138 Dei
2189 4063 2608 4130 devotissime
2649 4065 3035 4148 plangentes
3084 4070 3154 4133 et
3194 4145 3198 4146 γ

676 4164 966 4230 dicentes
995 4186 1012 4228 ε
1055 4161 1220 4244 Tibi,
1261 4158 1511 4227 domine
1538 4170 1750 4228 sancte
1771 4169 1979 4247 pater,
1994 4165 2246 4248 qratias
2265 4164 2621 4246 referimus,
2651 4166 2803 4250 quia
2823 4185 2949 4249 pro
2975 4165 3158 4231 nobis
3196 4188 3268 4239 35

671 4262 1100 4348 peccatoribus
1129 4262 1216 4336 ad
1253 4262 1461 4326 Deum
1491 4263 1866 4327 intercedere
1894 4262 2196 4348 diqnatus
2225 4264 2333 4344 (6);
2377 4271 2434 4327 et
2476 4262 2614 4328 ideo
2641 4263 2914 4345 firmiter
2945 4265 3156 4330 credi-

677 4383 822 4426 mus
878 4362 1041 4448 quod
1084 4363 1213 4426 tuis
1251 4363 1491 4425 sanctis
1543 4364 1801 4438 mer-itis
1825 4361 2008 4426 hodie
2041 4362 2298 4426 liberati
2337 4383 2578 4427 sumus.
2620 4354 2905 4447 Eiusque
2943 4366 3157 4448 patris
3232 4416 3243 4423 -

678 4462 1016 4529 obsculata
1045 4481 1266 4540 manu,
1297 4480 1446 4527 curn
1476 4462 1713 4544 gaudio
1746 4463 2067 4541 abierunt,
2100 4462 2311 4527 virum
2340 4462 2461 4528 Dei
2489 4469 2788 4529 sanctum
2817 4463 2901 4529 de
2935 4469 3157 4532 cetero

679 4564 1129 4628 incunctanter
1157 4562 1518 4626 credentes,
1546 4561 1626 4627 Et
1658 4562 1748 4627 sic
1777 4562 2043 4627 minime
2074 4561 2298 4627 civitas
2338 4562 2650 4628 debellari
2692 4564 2926 4646 potuit,
2955 4565 3162 4632 hosti-

681 4663 804 4726 bus
833 4661 1214 4743 stupefactis
1242 4660 1393 4725 inde
1422 4661 1838 4740 abeuntibus,
1867 4662 2030 4727 urbe
2058 4665 2131 4727 ut
2159 4662 2340 4744 prius
2370 4666 2514 4727 tuta
2540 4662 2786 4729 relicta.
3203 4685 3278 4739 ιο

746 4884 819 4950 (l)
844 4884 997 4938 Medi
1018 4888 1065 4937 1.
1081 4911 1148 4922 —-
1165 4884 1237 4950 (Ξ)
1260 4884 1498 4948 Pet-fecte
1521 4899 1659 4938 corr.
1686 4893 1811 4939 1.—
1827 4885 1900 4952 (3)
1921 4885 2012 4952 (D.
2029 4887 2093 4951 e.)
2111 4903 2154 4940 e.
2174 4886 2242 4939 D.
2266 4891 2315 4940 1.
2331 4914 2398 4925 —
2420 4886 2491 4955 (4)
2510 4885 2630 4941 Om.
2652 4892 2698 4941 1.
2717 4912 2782 4922 —
2817 4888 2892 4955 (5)
2915 4891 3174 4955 Quattuor

679 4970 716 5021 3
731 4967 808 5034 (n.
824 4965 905 5032 9);
925 4974 1036 5020 tres
1060 4969 1112 5031 2,
1127 4971 1176 5031 4,
1193 4972 1242 5020 5.
1261 4994 1323 5005 -
1344 4967 1416 5033 (6)
1436 4966 1516 5020 Ee
1534 4967 1658 5022 add.
1677 4974 1725 5023 1.
