3487 5450
1188 643 1546 698 Arrrsmx
1589 643 1792 699 xvm.
2592 625 2751 702 .187

294 836 692 915 sanctorum,
721 853 888 919 quos
924 833 1389 919 praediximus,
1430 838 1790 901 conventus
1828 854 1952 919 per
1987 834 2287 902 absidem
2325 838 2759 920 conspexerat

206 989 213 996 .
289 930 811 1014 deambulantes,
831 936 1131 1000 sanctum
1161 953 1320 1000 vero
1346 933 1715 1019 Baptistam
1735 933 2108 1000 venustiore
2128 953 2336 1018 quam·
2356 934 2533 999 credi
2551 932 2760 1017 possit

286 1032 602 1098 vestitum
644 1034 877 1098 decore
904 1052 1051 1099 sese
1078 1033 1240 1099 vidit
1268 1032 1581 1100 accedere
1606 1036 1694 1111 et,
1719 1037 1796 1100 ut
1821 1034 1969 1117 ipsa
1994 1033 2234 1111 aiebat,
2259 1034 2347 1100 ob
2374 1033 2446 1099 id
2469 1032 2651 1099 illum
2677 1052 2757 1098 eo

288 1129 401 1196 die
442 1130 651 1198 maior
699 1132 958 1198 claritas
1000 1132 1386 1211 exornabat,
1428 1132 1759 1217 quoniam,
1788 1152 1918 1217 quo
1966 1132 2281 1198 celebrior
2319 1136 2671 1198 veneratur
2714 1151 2758 1197 a

224 1247 253 1296 ο
285 1230 568 1314 popuIiS,
610 1250 689 1297 eo
731 1231 1067 1314 gloriosior
1093 1231 1461 1315 gratulatur
1485 1232 1677 1297 cum⁴
1701 1231 1967 1315 angelis,
1984 1230 2064 1297 Et
2091 1251 2240 1298 cum
2267 1231 2646 1316 pervenitur
2671 1229 2761 1296 ad

286 1348 556 1395 versum
585 1353 603 1396 ε
631 1329 951 1395 Retribuet
978 1330 1137 1395 mihi
1166 1331 1487 1397 Dominus
1513 1330 1856 1395 secundum
1883 1332 2194 1396 iustitiam
2225 1352 2428 1396 meam
2455 1338 2511 1395 et
2542 1351 2758 1395 sceren-

286 1428 447 1493 dum
463 1431 815 1514 puritatem
841 1451 1148 1495 ’nanuum
1176 1451 1467 1495 nicarum
1494 1431 1567 1495 in
1605 1437 1931 1514 conspectu
1960 1430 2278 1496 oculorum
2311 1432 2465 1513 eiua,
2493 1451 2535 1496 a
2560 1430 2761 1496 beato

258 1528 581 1596 ‘Iohanne
616 1530 675 1594 ei
705 1530 883 1594 visus
923 1530 1012 1595 ad
1050 1529 1378 1614 integrum
1421 1534 1521 1597 est
1562 1530 1937 1596 attributus.
1963 1529 2147 1595 Tunc
2186 1529 2330 1596 laus
2371 1549 2635 1595 summa
2672 1529 2761 1595 ab

288 1628 471 1694 omni
496 1628 743 1712 populo
770 1632 870 1694 est
897 1627 1158 1694 reddita
1188 1627 1482 1695 Creatori
1516 1629 1960 1714 virtutumque
1987 1630 2317 1714 operatori
2341 1630 2665 1695 bonorum
2694 1631 2762 1693 et

200 1742 254 1791 ιο
286 1726 496 1811 gloria
546 1747 667 1811 per
712 1728 936 1794 omnia
988 1728 1252 1794 saecula
1270 1729 1320 1793 ⁶.
1378 1728 1539 1794 Post
1592 1727 2026 1794 redditionem
2072 1747 2228 1794 vero
2269 1727 2486 1805 laudis,
2529 1727 2762 1794 eodem

288 1830 629 1893 momento
654 1827 838 1911 gravi
864 1828 1098 1893 morbo
1144 1847 1462 1896 concussa
1488 1828 1655 1895 lecto
1679 1828 2113 1913 prosternitur
2143 1832 2210 1893 et
2241 1828 2602 1904 diutissime
2628 1846 2770 1893 cor-

286 1929 484 2009 repta
524 1926 792 1992 sanitati
817 1927 1202 2007 restituitur,
1229 1930 1304 1992 ut
1330 1927 1576 1993 veritas
1610 1927 2037 2012 praedictoris
2058 1927 2087 1966 ⁶
2125 1928 2534 2023 probaretur,
2564 1945 2765 2010 quam

287 2025 730 2109 praedixerat,
754 2026 1102 2110 quoniam-⁷
1132 2027 1261 2092 hoc
1289 2026 1669 2093 memoriale
1694 2026 2010 2112 relinquo,
2041 2047 2173 2111 quo
2200 2027 2291 2093 ad
2316 2026 2768 2092 certitudInem

289 2124 693 2191 credulitatis
718 2144 948 2191 omnes
975 2126 1242 2192 instituo
1258 2126 1305 2191 ⁸.

202 2236 257 2288 ιιι
381 2231 494 2291 12.
522 2225 598 2290 In
626 2224 860 2290 eodem
888 2224 1212 2309 siquidem
1241 2225 1557 2291 coenobio
1578 2224 1908 2310 quaedam
1935 2225 2294 2306 iuvencula,
2322 2225 2588 2291 nomine
2608 2224 2771 2290 Ger-

289 2325 497 2408 birga,
517 2323 911 2390 indicibilem
930 2345 1131 2409 passa
1153 2329 1254 2391 est
1279 2326 1567 2409 corporis
1587 2325 2053 2406 infirmitatem,
2070 2326 2164 2391 ita
2179 2329 2256 2390 ut
2279 2344 2403 2391 nec
2423 2324 2768 2408 quisquam

291 2429 434 2490 tam
475 2424 728 2509 peritus
770 2424 1210 2503 interveniret,
1241 2424 1353 2508 qui
1395 2425 1701 2490 levamen
1734 2425 2185 2491 medicaminis
2227 2444 2345 2490 seu
2388 2424 2770 2508 qualitatem

293 2523 719 2608 aegritudinis
752 2524 1007 2590 edicere
1045 2529 1294 2590 nosset.
1323 2523 1405 2590 Et
1435 2524 1597 2590 dum
1635 2524 1762 2589 hac
1802 2524 2224 2590 invalitudine
2242 2526 2266 2563 ¹
2311 2543 2433 2607 per
2479 2522 2771 2588 medium

292 2623 426 2689 fere
492 2622 651 2688 anni
707 2624 993 2707 spatium
1049 2622 1439 2701 laborasset,
1494 2623 2065 2708 appropinquante
2120 2623 2424 2689 natalicio
2479 2622 2776 2688 sollemni

206 2737 267 2788 20
296 2721 723 2805 Pantaleonis
754 2723 1062 2808 martyris
1104 2722 1364 2802 Christi,
1392 2722 1710 2789 acerrimo
1738 2722 1961 2790 dolore
1982 2723 2009 2762 ⁹
2036 2725 2493 2807 conquassata,
2516 2722 2603 2789 ad
2628 2721 2777 2788 ulti-

297 2840 484 2888 mum
501 2822 680 2888 vitae
702 2827 802 2889 est
823 2843 1035 2907 paene
1060 2827 1398 2906 perventa.
1418 2823 1602 2889 Tunc
1623 2824 1710 2889 ad
1733 2823 2110 2914 episcopum
2129 2824 2333 2907 ipsius
2353 2822 2775 2905 civitatis,qui

298 2925 454 2988 tunc
495 2922 751 3003 aderat,
794 2923 1108 3006 dirigitur,
1136 2925 1212 2989 ut
1254 2942 1443 2989 sacro
1483 2942 1633 2988 eam
1658 2923 1981 3004 velamine
2010 2924 2288 3001 dotaret‚
2318 2923 2624 3007 quatinus
2651 2922 2776 2987 hoc

300 3022 690 3105 sponsalicio
739 3023 1031 3088 animam
1076 3022 1357 3088 Domino
1399 3023 1910 3089 commendaret.
1938 3022 2064 3101 Qui
2110 3022 2436 3105 aliquibus
2471 3022 2776 3087 detentus

301 3121 859 3204 occupationibuS‚
901 3122 1354 3205 perendinavit
1392 3122 1462 3187 in
1503 3122 1879 3201 crastinum,
1922 3142 2054 3207 quo
2090 3126 2393 3187 sanctum
2433 3121 2776 3187 colendum

208 3239 270 3290 τε
303 3224 443 3286 erat
489 3220 756 3286 festum.
788 3221 1033 3287 Verum
1061 3221 1149 3286 illi
1179 3221 1247 3286 in
1274 3221 1450 3287 nullo
1476 3221 1652 3287 vitae
1686 3224 1868 3287 statu
1894 3221 2197 3301 moranti,
2226 3220 2446 3287 divino
2473 3220 2778 3304 sumpto⁸

304 3319 588 3399 consilio,
628 3324 705 3385 ut
740 3323 892 3403 post
933 3320 1345 3403 vespertinae
1393 3320 1606 3386 laudis
1646 3320 1932 3386 officium
1969 3320 2245 3387 ferretur
2286 3320 2373 3385 ad
2409 3320 2637 3399 altare,
2667 3319 2778 3384 ubi

304 3418 503 3502 ipsius
530 3419 868 3485 veneratio
899 3419 1179 3485 nominis
1201 3419 1527 3485 habetur⁴
1544 3420 2007 3499 memorabiliS,
2020 3420 2315 3485 oratione
2335 3419 2424 3484 illi
2450 3437 2779 3484 commen·

307 3514 544 3592 danda,
574 3536 616 3581 a
661 3536 791 3600 quo
836 3520 979 3582 erat
1021 3516 1359 3582 salvanda.
1386 3517 1570 3582 Tunc
1609 3518 1807 3583 modo
1823 3519 1851 3558 ³
1876 3519 2208 3602 insperato
2246 3518 2463 3603 puella
2501 3518 2595 3583 sic
2634 3537 2779 3583 sur-

304 3615 469 3680 rexit
516 3615 878 3693 incolumis,
920 3619 996 3680 ut
1034 3608 1283 3681 nullum
1320 3616 1666 3700 vestigium
1701 3617 1770 3681 in
1819 3636 1899 3683 ea
1937 3623 2201 3701 pareret
2240 3618 2590 3701 languoris.
2614 3617 2778 3683 Post

211 3730 278 3782 ao
311 3713 679 3797 aliquantos
707 3718 931 3781 autem
960 3714 1100 3781 dies
1131 3715 1274 3780 diro
1301 3716 1625 3781 vermium
1651 3716 1922 3796 vomitu,
1951 3736 2116 3801 quos
2143 3716 2496 3782 scabrones
2528 3735 2779 3782 nuncu·

310 3817 488 3896 pant,
516 3814 723 3880 dabat
766 3814 1077 3880 indicium
1122 3834 1323 3899 quam
1375 3815 1610 3882 acerbe
1656 3816 1838 3900 prius
1884 3816 2223 3899 pertulerit
2260 3834 2521 3900 quaque
2566 3815 2779 3899 gratia

308 3916 535 3977 sanata
563 3912 778 3978 fuerit.

395 4019 503 4077 13.
529 4011 782 4077 Eadem
810 4011 1163 4078 festivitate
1199 4012 1270 4077 in
1312 4032 1392 4078 ea
1428 4012 1574 4096 ipsa
1614 4013 1877 4080 civitate
1918 4014 2177 4079 cuidam
2217 4015 2471 4081 mulieri
2495 4013 2779 4080 textrino

313 4109 669 4177 inhaerenti
697 4112 880 4194 operi
896 4114 918 4150 ¹
948 4111 1307 4176 textorium
1348 4100 1552 4177 m'anu
1597 4111 1990 4191 inhaeserat,
2017 4133 2138 4178 nec
2176 4113 2308 4179 ullo
2349 4114 2549 4179 modo
2588 4112 2780 4179 avelli

214 4223 284 4274 35
313 4213 586 4291 poterat.
617 4210 805 4288 Quae
846 4211 1193 4290 confestim
1222 4230 1371 4276 cum
1404 4210 1647 4277 lumine
1688 4212 1777 4277 ad
1818 4212 2155 4277 ecclesiam
2177 4213 2356 4279 venit
2384 4217 2470 4290 et,
2496 4212 2789 4294 lacrimis⁴

319 4308 587 4389 profusis
615 4309 1044 4389 uberioribus,
1073 4310 1418 4392 pristinam
1444 4310 1797 4375 sanitatem
1821 4311 2088 4393 recepit.

404 4416 508 4472 14.
551 4408 848 4491 Denique
884 4409 1158 4474 evolutis
1202 4409 1415 4492 quinis
1459 4428 1783 4475 annorum
1820 4411 2166 4486 curriculis
2198 4429 2276 4474 ex
2313 4430 2443 4494 quo
2481 4430 2580 4489 ea,
2609 4428 2780 4494 quae

326 4509 889 4591 praesignavimus,
919 4512 1107 4573 erant
1146 4511 1351 4592 gesta,
1381 4508 1684 4591 proxima
1722 4508 2015 4575 kalendis
2055 4510 2313 4592 augusti
2352 4508 2511 4574 dum
2557 4510 2782 4576 iucun-

323 4679 505 4734 -4ab
526 4680 678 4734 L.—
700 4681 725 4716 ⁸
760 4680 1075 4736 seculorum
1098 4682 1450 4737 add.H.—⁸
1473 4681 1836 4751 predicatoris
1859 4684 2024 4737 Μ-
2046 4683 2190 4738 ²0m.
2214 4683 2280 4736 L.
2302 4711 2368 4723 —
2392 4683 2787 4739 ⁸institntioH

326 4769 625 4907 nixari-h.
637 4845 697 4913 i.)
722 4846 781 4900 in
805 4845 911 4899 hac
933 4847 1234 4901 valitudine
1255 4849 1324 4902 L.
1349 4846 1571 4902 -2diu
1587 4849 1714 4902 add.
1737 4849 1812 4902 H.
1847 4849 1956 4888 -2
1979 4854 2203 4917 sumptu
2225 4852 2378 4904 H.—
2411 4850 2438 4885 ⁴
2467 4849 2782 4908 haberetur.

324 4923 733 4982 L.-—⁸veroH.

385 5010 568 5064 18.—
593 5011 829 5065 ¹on.L.
