3487 5450
1337 615 1687 668 1113110111
1735 615 1815 669 v.
2661 576 2797 670 149

327 811 671 891 assumpta
699 807 822 872 sibi
850 826 1040 872 sacra
1080 806 1327 888 virgine
1347 806 1666 890 praefata,
1693 805 1883 872 flexis
1910 806 1980 871 in
2006 809 2256 871 terram
2288 807 2563 890 genibus
2589 807 2801 873 mani-

323 908 578 990 busque
609 907 676 972 in
703 906 956 972 caelum
985 906 1312 989 expansis,
1339 906 1597 970 tamdiu
1626 905 1911 971 lacrimis
1941 909 2008 971 et
2048 906 2453 972 orationibus
2493 908 2797 989 perstitit,

324 1007 533 1072 donec
574 1006 933 1072 Salvatoris
963 1006 1243 1088 benigna
1277 1005 1615 1071 sinceritas
1658 1024 1737 1071 ac
1779 1005 2123 1071 ineffabilis
2169 1006 2613 1071 misericordia
2651 1006 2805 1072 Dei-

327 1107 523 1171 tatis²¹
549 1107 929 1171 universum
971 1105 1139 1187 regis
1183 1106 1541 1170 exercitum
1575 1105 1943 1171 redivivum
1968 1105 2285 1187 pristinae
2325 1106 2503 1171 vitae
2548 1111 2806 1172 restau-

253 1224 287 1272 ι
322 1210 519 1272 raret.
549 1205 735 1284 Quae
763 1224 918 1270 vero
946 1204 1048 1268 vel
1092 1208 1341 1301 quanta
1380 1208 1534 1269 tunc
1563 1204 1825 1269 divinae
1851 1204 2062 1270 laudis
2090 1205 2486 1271 exsultatio
2466 1225 2535 1271 111
2563 1224 2800 1289 campo

328 1306 581 1382 eodem,
632 1303 735 1369 vel
786 1304 930 1386 quis
979 1294 1224 1368 clamor
1273 1298 1502 1386 populi
1557 1304 1643 1368 ab
1687 1303 1916 1369 inferis
1970 1304 2260 1369 revocati
2321 1303 2576 1385 fuerit⁴,
2600 1309 2804 1388 atque

327 1404 536 1488 qualis
553 1405 580 1443 ⁶
600 1408 757 1469 tunc
806 1404 1023 1485 fragor
1062 1402 1450 1468 laetantium
1492 1402 1579 1467 ad
1620 1403 1841 1468 sidera
1889 1397 2242 1481 ferebatur,
2290 1404 2570 1469 materia
2609 1424 2808 1488 supe-

323 1508 515 1569 rante
544 1502 894 1586 ingenium,
923 1501 1140 1566 verbis
1168 1501 1492 1583 explicare
1527 1520 1663 1565 11011
1687 1501 1896 1566 valeo.
1937 1500 2145 1566 Sane
2158 1501 2425 1596 quidem
2462 1522 2585 1567 rex
2628 1501 2807 1567 Gua-

324 1624 497 1678 reus,
547 1607 745 1685 prout
793 1601 964 1667 veris
1012 1604 1500 1673 antecessorum
1547 1600 2009 1669 traditionibus
2044 1601 2430 1685 acceperim,
2463 1621 2628 1686 prae
2662 1603 2805 1667 11111-

221 1719 284 1769 w
324 1703 532 1767 versis
561 1702 917 1767 Hiberniae
945 1721 1063 1765 seu
1091 1700 1349 1765 Scotiae
1369 1701 1811 1783 principibus
1790 1703 2141 1765 intantum
2161 1701 2252 1765 ad
2271 1720 2501 1766 omnae
2520 1687 2807 1766 liberalis

327 1806 392 1867 et
449 1801 799 1867 munificus
848 1801 1208 1880 exstiterat,
1258 1804 1331 1864 ut
1382 1800 1775 1883 quicumque
1823 1799 1964 1865 eius
2011 1800 2456 1883 praesentiam
2506 1801 2684 1865 dona
2729 1819 2809 1865 ac

324 1901 646 1967 beneficia
675 1900 998 1984 petiturus
1027 1900 1256 1975 adiret,
1280 1899 1334 1964 is
1358 1899 1574 1964 collati
1602 1899 1895 1966 muneris
1922 1900 2427 1982 impetratione‘
2443 1919 2811 1982 numquam

326 2002 680 2066 frustratus
708 2000 939 2065 abiret.
965 2000 1129 2064 Cum
1151 1999 1375 2081 itaque
1393 2002 1732 2064 tantorum
1760 1998 2103 2082 praeclara
2132 1998 2506 2081 3131101111117
2533 1999 2714 2065 fama
2739 2001 2813 2064 in

325 2101 598 2166 semotis
628 2099 1124 2165 occidentalium
1145 2098 1383 2163 finibus
1404 2118 1645 2183 nomen
1664 2098 2027 2164 Salvatoris
2048 2118 2127 2164 33
2147 2099 2270 2163 viri
2289 2099 2553 2163 illustris
2573 2100 2812 2164 merita

222 2215 290 2264 ⁴5
329 2200 714 2266 clarificavit
727 2200 774 2278 ⁸,
804 2217 1082 2281 cumque
1112 2199 1194 2264 de
1220 2197 1584 2281 longinquis
1609 2199 1986 2281 regionibus
2015 2198 2213 2263 variis
2241 2199 2632 2281 populorum
2659 2219 2815 2264 con-

331 2300 631 2366 cursibus
661 2299 838 2363 idem
865 2304 1131 2367 sanctus
1169 2297 1712 2380 frequentaretur,
1759 2317 1802 2363 a
1838 2298 2082 2363 sanctis
2124 2297 2479 2363 Hiberniae
2514 2299 2812 2381 patribus

328 2397 732 2463 Mochulleus
760 2396 849 2461 ad
876 2397 1192 2465 honorem
1221 2395 1656 2477 pontificatuS,
1680 2415 1759 2461 eo
1785 2395 2050 2461 nolente
2068 2400 2271 2479 atque
2289 2399 2631 2473 renuente,
2662 2416 2820 2479 pro—

331 2502 554 2563 motus
579 2500 703 2561 est.

426 2604 544 2662 15.
587 2595 774 2673 Quae
803 2613 959 2659 vero
988 2597 1220 2676 postea
1250 2593 1350 2658 vel
1381 2597 1630 2676 quanta
1655 2594 1835 2659 idem
1860 2598 2128 2659 sanctus
2145 2596 2168 2633 ¹
2196 2595 2264 2659 in
2298 2595 2438 2660 vita
2463 2596 2686 2678 egerit,
2730 2615 2816 2660 ne

229 2717 299 2768 2⁰
339 2696 748 2763 audientium
770 2713 963 2760 aures
986 2694 1297 2777 protracti
1331 2693 1650 2759 sermonis
1671 2694 1890 2760 taedio
1918 2694 2221 2772 afficiam,
2250 2694 2506 2761 silentio
2524 2699 2819 2778 praeter-

340 2797 544 2861 missa
586 2794 956 2878 compendii
985 2793 1201 2875 studio
1230 2798 1459 2875 captus
1481 2797 1858 2876 praetereo;
1888 2793 2005 2884 sed
2025 2813 2242 2877 pauca
2269 2813 2355 2858 ex
2379 2795 2622 2874 multis,
2645 2815 2815 2879 quae

339 2894 446 2961 vel
488 2895 727 2959 nostris
771 2894 1051 2957 vidimus
1091 2891 1290 2956 oculis
1332 2891 1435 2956 vel
1477 2893 1747 2957 auribus
1788 2892 2158 2958 audivimus
2200 2894 2307 2958 vel
2344 2898 2571 2977 patres
2609 2894 2817 2959 nostri
2864 2896 3256 2953 cf.1.10h.1.1.

339 2994 904 3072 annuntiaverunt
931 2990 1140 3068 nobis,
1179 2990 1267 3054 ab
1309 2989 1541 3055 eodem
1569 2993 1799 3056 sancto
1843 2995 1995 3073 post
2021 2990 2287 3075 ,obitum
2328 2992 2562 3057 suurn¹¹
2595 2992 2818 3058 divina

340 3092 528 3158 sunt³
555 3093 798 3156 virtute
824 3095 1113 3173 peracta,
1136 3089 1458 3154 succincte
1488 3089 1858 3172 expediam.
1890 3088 2175 3172 Contigit
2203 3092 2448 3155 etenim
2476 3091 2653 3174 quod
2681 3091 2813 3157 duo

234 3211 309 3261 33
338 3192 465 3257 viri
513 3191 843 3256 modernis
890 3189 1296 3271 temporibus
1344 3208 1581 3272 genere
1624 3188 1909 3253 illustres
1957 3192 2024 3253 et
2070 3189 2352 3273 propriis
2399 3189 2814 3255 facultatibus

336 3295 808 3374 praepotentes
829 3289 965 3370 regi
985 3288 1336 3354 Hiberniae
1364 3287 1812 3353 Theodorico⁴
1837 3308 1999 3371 prae
2026 3289 2332 3354 omnibus
2360 3290 2814 3372 acceptabiles

338 3390 584 3456 invidia
606 3410 682 3454 ac
702 3389 854 3454 odio
877 3391 942 3453 et
964 3388 1402 3452 simultatibus
1420 3389 1447 3426 ⁶
1475 3387 1900 3469 plurimum-a
1919 3388 2033 3452 33ο
2060 3388 2495 3454 dissentirent.
2517 3387 2643 3466 Qui
2664 3409 2816 3454 cum

339 3489 616 3556 fortuitu
632 3489 658 3526 ⁷
685 3490 870 3553 iuxta
899 3487 1108 3552 sancti
1150 3487 1273 3554 viri
1310 3487 1540 3551 cellam
1582 3486 1707 3551 sibi
1749 3506 1834 3551 ex
1874 3486 2154 3552 adverso
2196 3487 2558 3565 obviarent,
2598 3489 2814 3571 primo

336 3587 604 3653 hostilia
630 3605 817 3651 arma
845 3584 1160 3648 miscere⁸
1188 3603 1266 3648 ac
1291 3584 1592 3666 praeliari
1617 3588 1996 3666 coeperunt.
2024 3583 2192 3649 Dein
2217 3603 2369 3649 cum
2396 3586 2643 3650 cruoris
2664 3586 2817 3650 111113

223 3704 295 3755 30
337 3687 496 3752 111(13
517 3686 797 3750 multum
825 3683 1287 3758 effunderetur,
1316 3683 1370 3747 is
1399 3683 1508 3766 qui
1531 3682 1670 3747 iure
1699 3682 1850 3747 belli
1880 3683 2218 3748 victoriam
2247 3703 2484 3766 campo
2513 3684 2813 3762 obtinuit,

334 3789 587 3852 victum
628 3803 938 3849 mucrone
967 3783 1397 3847 obtruncavit.
1425 3781 1557 3846 Sed
1580 3783 1738 3846 dum
1760 3782 2114 3847 verebatur
2140 3802 2226 3847 ne
2246 3801 2290 3847 a
2309 3783 2480 3865 regis
2501 3784 2812 3849 militibus

333 3883 943 3967 deprehenderetur
964 3899 1042 3945 ac
1062 3900 1147 3945 ne
1166 3881 1524 3963 perpetrati
1544 3879 1873 3945 homicidii
1892 3900 2045 3945 reus
2063 3881 2200 3963 regi
2214 3881 2242 3918 ⁹
2259 3884 2814 3964 praesentaretur,

330 3985 465 4048 viri
483 3983 690 4047 sancti
715 3981 1072 4057 basilicam,
1104 4000 1273 4063 quae
1301 3981 1602 4062 proxima
1629 3985 1774 4046 erat
1786 3981 1855 4058 ¹⁰,
1885 3975 2036 4046 cum
2062 3983 2292 4063 paucis
2316 3983 2602 4048 intravit.
2625 3983 2813 4048 Tunc

330 4101 504 4147 vero
524 4101 640 4146 rex
663 4080 1103 4146 Theodericus
1118 4081 1185 4156 ¹¹,
1202 4079 1367 4143 tanti
1392 4079 1702 4162 principis
1724 4084 1938 4144 morte
1963 4080 2210 4158 audita,
2233 4085 2375 4146 tum
2402 4082 2644 4159 dolore,
2668 4087 2813 4148 tum

214 4199 289 4250 35
328 4184 444 4247 ira
469 4181 894 4245 vehementer
919 4183 1304 4254 commotuS,
1334 4178 1633 4243 cohortes
1670 4178 1951 4244 militum
1986 4184 2281 4245 armatas
2321 4200 2473 4246 cum
2491 4182 2747 4247 Tatheo
2763 4182 2812 4221 ¹2

326 4279 574 4346 illustri
595 4299 712 4345 suo
741 4279 892 4355 filio,
925 4278 1036 4360 qui
1064 4282 1217 4342 tunc
1237 4277 1551 4359 temporis
1577 4278 1942 4360 praestanti
1964 4278 2177 4344 forma
2204 4280 2492 4362 corporis
2514 4299 2592 4345 ac
2610 4281 2816 4345 virtu-

325 4385 491 4445 tum
519 4378 689 4443 fama
721 4380 787 4443 et
815 4378 1113 4442 internae
1140 4376 1494 4442 nobilitatis
1520 4376 1663 4441 luce
1690 4396 1920 4442 omnes
1960 4378 2408 4461 praelatorum
2432 4380 2616 4462 regni
2644 4381 2814 4444 eius-

323 4601 400 4612 —-
429 4571 458 4604 ⁸
479 4570 772 4625 divinitatis
796 4571 851 4624 S.
877 4598 940 4607 -
961 4570 986 4603 ⁴
1015 4568 1193 4623 fuerat
1214 4571 1282 4623 A.
1305 4598 1375 4608 —
1393 4569 1417 4603 ⁶
1445 4569 1599 4637 quasi
1637 4570 1714 4622 M.
1739 4597 1804 4608 —
1826 4570 1852 4604 ⁴
1873 4569 2313 4642 impetrationem
2344 4575 2409 4624 A.
2431 4599 2501 4609 —
2533 4571 2557 4604 ⁷
2579 4570 2813 4625 miracu-

323 4658 531 4712 lorum
554 4656 608 4708 S.
633 4681 694 4693 -
717 4654 741 4688 ⁸
759 4656 840 4706 ita
863 4654 1012 4706 codd.
1035 4669 1233 4705 omnes.

412 4738 531 4790 15.
566 4767 628 4777 -
654 4738 673 4770 ¹
698 4736 965 4790 miracula
982 4736 1106 4787 aad.
1140 4734 1341 4788 ΑΜΒ.
1362 4763 1424 4774 -
1448 4735 1472 4768 ²
1489 4737 1559 4801 (p.
1579 4752 1628 4788 0.
1654 4736 1719 4799 3.)
1738 4753 1843 4788 om.
1866 4736 1998 4789 MS.
2015 4764 2082 4774 —
2099 4737 2124 4769 ³
2147 4753 2249 4790 om.
2267 4737 2323 4788 S.
2348 4763 2400 4773 -
2419 4738 2444 4769 ⁴
2462 4735 2691 4790 Teotico
2715 4738 2815 4797 M.-

320 4819 612 4878 Teodrico
633 4821 690 4874 S.
713 4847 772 4858 --
800 4820 825 4854 ὅ
863 4818 1215 4872 simulatibns
1243 4819 1295 4871 S.
1332 4842 1395 4852 -
1426 4817 1451 4851 ⁸
1474 4817 1707 4872 invicem
1732 4819 1860 4871 add.
1904 4819 2101 4871 AALS.
2127 4847 2190 4856 —
2216 4818 2240 4851 ⁷
2263 4818 2404 4872 forte
2429 4822 2517 4882 A,·
2546 4819 2688 4872 forte
2711 4819 2816 4873 for-

318 4905 491 4960 tuitu
510 4903 639 4956 ΜΒ.
655 4929 725 4941 -
747 4903 772 4936 ⁸
794 4902 866 4955 In
883 4902 1056 4955 medio
1071 4902 1170 4954 1103
1185 4901 1343 4954 verbo
1357 4897 1557 4954 desinit
1578 4901 1634 4955 S.
1657 4928 1727 4940 -
1742 4902 1769 4936 ⁸
1784 4900 1864 4954 rei
1883 4901 1961 4953 Μ.
1977 4930 2045 4939 -
2066 4902 2109 4936 ¹⁰
2129 4901 2308 4954 fuerat
2322 4905 2389 4954 A.
2401 4930 2470 4941 —
2486 4903 2534 4937 ¹¹
2558 4905 2638 4955 ita
2653 4905 2815 4956 etiam

322 4989 415 5045 js.
455 5012 518 5024 -
545 4984 590 5019 ¹²
609 4983 864 5039 Thatheo
895 4984 968 5037 Η.
