3487 5450
1314 611 1663 664 aprunum
1713 612 1786 664 v.
1886 611 1892 615 ⁴
2602 560 2609 566 ’
2633 591 2770 664 137

287 798 450 885 spei
493 802 561 864 et
604 798 893 865 caritatis
941 799 1125 864 trinis
1160 800 1490 882 gressibus
1528 801 1653 866 iter
1692 799 1947 884 patriae
1991 799 2286 866 caelestis
2307 800 2356 839 ¹²
2398 800 2774 866 ostendunt.

310 897 500 963 Unde
528 899 703 963 idem
730 899 1053 982 propheta
1080 921 1098 964 t
1128 897 1422 964 Lucerna
1454 900 1721 985 pedibus
1752 899 1900 964 meis
1935 899 2179 964 verbum
2209 908 2383 964 tmem
2406 900 2455 939 ¹⁸
2482 906 2536 963 et
2566 900 2774 964 lumen

310 998 551 1061 semitis
567 999 739 1062 meis.
768 998 900 1063 Sed
922 1000 1220 1081 quamvis
1249 999 1551 1066 omnibus
1571 1000 1833 1078 sanctis,
1864 1019 2142 1082 quorum
2171 1001 2319 1065 vita·
2337 1004 2403 1064 et
2432 1019 2778 1065 coruscan-

309 1097 485 1162 tibus
514 1097 840 1162 miraculis
865 1103 1184 1164 terrarum
1212 1099 1456 1183 ubique
1475 1104 1705 1165 sancta
1732 1099 1928 1182 fulget
1952 1099 2241 1179 ecclesia,
2271 1100 2558 1164 caritatis
2587 1100 2779 1164 obse-

251 1220 280 1266 ι
310 1195 476 1280 quiis
518 1196 838 1262 debemur
881 1201 946 1262 et
977 1196 1335 1281 alligamur,
1355 1199 1706 1282 praecipue
1742 1202 1968 1264 tamen
2011 1199 2264 1264 illorum
2308 1188 2668 1282 patrocinio
2697 1217 2777 1264 ac

310 1295 702 1375 interventu,
725 1316 1004 1380 quorum
1026 1297 1092 1361 in
1120 1298 1449 1381 praesenti
1482 1300 1568 1363 ab
1598 1299 1860 1363 incursu
1887 1298 2102 1363 hostili
2130 1302 2330 1381 atque
2358 1299 2425 1362 in
2449 1297 2668 1364 futuro
2689 1298 2776 1363 ab

311 1396 597 1479 aeternis
639 1395 975 1479 gehennae
1017 1398 1410 1462 cruciatibus
1451 1397 1776 1463 defensari
1810 1417 2227 1481 nequaquam
2268 1397 2679 1480 ambigimus,
2707 1397 2775 1462 in

309 1495 714 1578 posteritatis
735 1496 1119 1561 memoriam
1140 1496 1493 1562 dilucidare
1512 1515 1926 1580 summopere
1946 1497 2224 1562 celebria
2244 1501 2431 1580 gesta
2448 1498 2499 1535 ¹⁴
2519 1496 2777 1562 deside·

311 1614 554 1660 ramus.
598 1593 767 1660 Dicit
808 1595 981 1660 enim
1011 1595 1394 1679 Scriptura:
1428 1595 1624 1661 Omne
1660 1596 1910 1677 bortum,
1931 1596 2098 1682 quod
2146 1616 2287 1661 cum
2332 1598 2399 1660 in
2448 1616 2777 1661 commune

225 1714 280 1763 ιο
312 1694 666 1775 deducitur,
711 1695 932 1758 melius
977 1696 1272 1761 elucescit.
1309 1694 1622 1774 Quamvis
1656 1696 1866 1780 igitur,
1907 1696 2140 1761 fratres
2189 1697 2604 1775 dilectissimi,
2634 1697 2778 1761 nu]-

309 1793 387 1858 lis
412 1794 520 1859 vel
550 1794 911 1877 sapientiae
939 1795 1043 1859 vel
1084 1795 1393 1860 scientiae
1432 1796 1900 1879 praeeuntibus
1943 1795 2174 1860 studiis
2204 1796 2436 1861 fuerim
2465 1795 2778 1875 eruditUS,

313 1894 615 1977 quamvis
637 1893 836 1959 etiam
864 1893 1109 1977 proprii
1138 1894 1434 1977 ingenioli
1461 1894 1857 1961 hebetudine
1884 1915 1962 1960 ac
1990 1895 2248 1961 defectu
2278 1895 2364 1960 ad
2405 1895 2777 1960 huiusmodi

312 1990 640 2058 scribendi
709 1994 1052 2058 materiam
1122 1993 1432 2059 accedere
1484 1994 1894 2077 praepediar,
1960 1994 2267 2059 nimirum
2334 1998 2560 2059 tamen
2624 1993 2780 2078 quia

311 2090 609 2157 internae
637 2092 928 2157 caritatis
953 2092 1066 2205 pia
1086 2093 1432 2158 devotione
1452 2113 1585 2159 non
1611 2094 1884 2159 reticere
1910 2085 2299 2177 compellor,
2312 2113 2393 2158 ex
2422 2093 2777 2159 innumeris

178 2241 185 2247 .
228 2209 283 2259 ιι
312 2189 664 2256 virtutibus
707 2194 773 2256 et
812 2191 1010 2275 signis
1050 2192 1438 2258 sanctissimi
1467 2193 1854 2258 confessoris
1881 2192 2236 2269 Mochullei,
2268 2196 2379 2275 qui
2416 2192 2585 2257 inter
2612 2191 2781 2258 cele·

310 2287 631 2354 berrimos
659 2289 1013 2355 Hiberniae
1032 2300 1151 2355 seu
1170 2292 1427 2357 Scotiae
1444 2293 1497 2331 ¹⁵
1513 2291 1842 2376 praelatos
1870 2311 2020 2357 cum
2042 2292 2411 2375 frequentia
2433 2290 2781 2357 miraculo·

310 2407 478 2465 rum,
536 2407 686 2454 cum
727 2389 1044 2473 praeclari
1084 2392 1451 2456 stemmatis
1488 2390 1839 2456 luculentia
1854 2391 1906 2430 ¹⁶
1947 2411 2222 2473 magnus
2267 2411 2345 2456 ac
2388 2391 2778 2457 metuendus

309 2487 609 2563 habetur,
625 2507 838 2571 pauca
860 2489 1319 2572 compendiose
1340 2491 1515 2556 dicta
1534 2491 1801 2556 sinceris
1824 2492 2089 2556 auribus
2115 2491 2403 2556 fidelium
2423 2496 2778 2573 utcumque

311 2587 380 2655 in
417 2588 943 2670 praesentiarum
984 2589 1286 2655 intimare
1327 2591 1590 2655 curabo.
1620 2590 1878 2656 Caritas
1908 2590 2080 2655 enim
2112 2590 2292 2655 fortis
2323 2594 2422 2655 est
2463 2594 2537 2655 ut
2579 2609 2780 2669 morS,

234 2703 294 2757 w
324 2704 469 2753 cum
487 2687 537 2728 ¹¹¹
565 2687 723 2754 nihil
743 2689 1042 2769 arduum,
1067 2688 1226 2755 nihil
1246 2689 1492 2756 invium
1517 2690 1786 2757 obviare
1813 2710 2008 2774 posse
2034 2690 2306 2756 videtur.

1139 2794 1452 2867 Explicit
1474 2791 1527 2830 ¹⁸
1579 2797 1942 2868 prologus.

756 3022 1015 3096 Incipit
1052 3024 1214 3083 vita.
1252 3024 1595 3098 eiusdem,
1639 3030 1734 3081 111
1776 3025 1941 3084 idus
1987 3025 2331 3085 ianuarii.
2362 3047 2367 3052 ·

404 3191 464 3247 1.
480 3181 763 3248 Sanctus
783 3183 1007 3266 itaque
1030 3182 1425 3249 Mochulleus
1441 3184 1465 3223 ¹
1482 3182 1581 3248 vir
1598 3184 1945 3267 prosapiae
1967 3184 2246 3261 illustriS,
2261 3183 2777 3249 christianissimi

322 3279 484 3347 filius
523 3281 795 3361 Dicaldi,
825 3282 911 3347 ab
951 3282 1264 3348 uberibus
1304 3283 1535 3348 matris
1551 3283 1954 3366 priusquam
1985 3284 2198 3349 fuerat
2226 3284 2613 3361 ablactatuS,
2643 3302 2777 3348 non

237 3396 296 3446 υ
319 3381 693 3465 primaevae
734 3381 969 3447 aetatis
996 3382 1152 3447 iocis
1179 3382 1552 3465 puerilibus,
1580 3402 1701 3448 nec
1720 3383 1747 3421 ²
1773 3383 2032 3448 ludicris
2061 3402 2186 3448 nec
2220 3383 2467 3448 lusibus
2510 3383 2785 3462 illectus,

321 3500 449 3546 non
475 3480 784 3564 equidem
825 3481 1056 3546 ceteris
1089 3481 1383 3546 dulcibus
1408 3482 1723 3547 illecebris
1752 3483 1926 3547 vitae
1954 3483 2315 3565 praesentis
2335 3482 2642 3560 irretitus,
2664 3481 2786 3547 sed

323 3580 566 3646 caduca
585 3599 707 3663 pro
731 3581 1034 3657 aeterniS,
1066 3585 1322 3647 terrena
1342 3601 1604 3664 semper
1623 3580 1890 3664 fugitiva
1918 3601 2038 3664 pro
2066 3582 2454 3647 caelestibus
2476 3600 2789 3664 perman-

323 3679 483 3745 suris
526 3679 797 3745 feliciter
837 3684 1240 3762 permutans,
1267 3680 1377 3764 pio
1406 3680 1733 3746 Creatoris
1775 3699 1999 3746 amore
2041 3700 2371 3759 accensus,
2402 3680 2619 3759 corde,
2649 3699 2786 3759 ore,

324 3798 536 3862 opere,
558 3779 707 3863 plus
729 3799 930 3862 quam
952 3778 1076 3844 dici
1098 3779 1201 3845 vel
1227 3779 1401 3845 credi
1429 3783 1663 3863 potest,
1686 3779 2072 3845 caelestibus
2100 3780 2390 3845 inhiavit.
2418 3779 2608 3845 Unde
2636 3798 2790 3862 pro-

242 3889 298 3941 ³⁰
325 3878 520 3962 pheta
562 3877 776 3942 David
820 3881 1161 3962 tamquam
1209 3878 1486 3962 Spiritus
1541 3879 1750 3944 sancti
1788 3898 2106 3962 organum
2161 3879 2244 3944 de
2301 3878 2541 3944 talibus
2589 3877 2744 3944 dicit
2769 3874 2814 3943 :⁴

327 3975 428 4041 Ex
451 3998 559 4042 ore
577 3976 935 4060 infantium
962 3985 1017 4042 et
1044 3978 1403 4042 lactentium
1423 3976 1749 4062 perfecisti
1770 3977 2044 4042 laudem.
2073 3977 2491 4061 Quapropter
2532 3978 2792 4062 praefa-

328 4079 426 4142 tus
471 4078 571 4142 vir
609 4076 1001 4143 venerabilis
1041 4078 1228 4161 pueri
1277 4081 1468 4160 pater
1522 4076 1848 4155 Dicaldus,
1900 4076 2120 4142 divina
2174 4078 2543 4143 visitatione
2582 4077 2791 4142 filium

328 4175 551 4242 videns
577 4176 850 4242 interius
876 4176 1270 4242 illustratum
1296 4195 1374 4241 ac
1395 4176 1599 4260 signis
1628 4179 1693 4241 et
1720 4175 2068 4241 virtutibus
2093 4196 2253 4259 prae
2277 4176 2507 4242 ceteris
2542 4175 2787 4259 fulgere

331 4275 679 4363 admiranS,
690 4279 766 4341 ut
794 4295 1021 4341 sacrae
1040 4275 1200 4357 legis
1226 4275 1476 4341 litteras
1505 4280 1572 4341 et
1598 4279 1860 4341 sanctos
1882 4275 2164 4341 iustitiae
2188 4276 2472 4340 monitus
2495 4275 2792 4340 addisce-

249 4381 305 4435 ω
332 4378 446 4454 ret,
472 4379 703 4441 sancto
724 4374 897 4459 patri
940 4374 1197 4453 Albine,
1221 4376 1332 4458 qui
1359 4379 1515 4441 tunc
1539 4375 1853 4458 temporis
1880 4374 2058 4458 apud
2083 4375 2403 4440 australes
2433 4374 2786 4439 Hiberniae
2865 4427 2872 4432 .

332 4475 600 4559 populos
648 4494 772 4559 pro
813 4475 1137 4558 exigentia
1182 4474 1506 4558 religionis
1544 4478 1608 4540 et
1651 4474 2033 4539 meritorum
2074 4474 2387 4539 celebris³
2420 4475 2792 4539 habebatur

334 4641 464 4682 ..u
492 4641 624 4710 (ip.
655 4642 793 4704 c.)c.
826 4656 878 4709 p.
901 4640 936 4694 i.
958 4640 1513 4695 AlL-”Domine
1534 4642 1662 4694 add.
1696 4640 2023 4708 21.-1⁴(d.
2047 4657 2091 4694 s.
2114 4643 2389 4708 c.g.)c.g.
2414 4641 2526 4695 d.s.
2549 4640 2699 4695 AM.
2729 4667 2793 4682 -

336 4723 708 4779 ¹*sanctorum
722 4726 849 4779 add.
869 4724 1087 4778 A.M.—
1104 4724 1152 4758 ¹⁸
1165 4725 1462 4779 luculentia
1482 4724 1556 4778 Μ.
1575 4752 1641 4763 -
1653 4724 1701 4759 ¹⁷
1719 4723 1805 4778 cui
1826 4724 2043 4792 Μροει.
2059 4741 2202 4778 corr.
2230 4752 2288 4762 -
2310 4724 2357 4759 ¹³
2372 4723 2794 4792 (Expl.·ianuar.)

333 4805 450 4862 vita
468 4806 717 4863 eiusdem
745 4808 827 4871 A,·
849 4806 970 4861 Vita
988 4825 1031 4861 s.
1053 4806 1349 4862 Mochullei
1367 4806 1609 4876 episcopi
1637 4802 1730 4861 M.

399 4893 449 4945 1.
480 4919 551 4930 —
574 4891 592 4924 ¹
610 4889 953 4945 Mocholleus
976 4890 1055 4944 M.
1075 4917 1146 4929 -
1160 4890 1184 4924 ¹
1201 4906 1314 4944 non
1334 4891 1483 4944 Auli.
1498 4918 1569 4929 —
1587 4889 1612 4925 ⁸
1628 4888 1900 4944 illecebris
1933 4890 1984 4944 L
2001 4898 2127 4944 ante
2149 4907 2291 4944 corr.
2298 4910 2322 4957 ‚·
2343 4889 2574 4944 lecebris
2611 4889 2662 4943 L
2675 4897 2798 4957 post

338 4989 472 5029 corr.
