3487 5450
743 564 831 636 17
838 566 882 636 2
1295 582 1386 634 m:
1440 582 1684 635 mono
1735 580 2178 634 anmmmo
2227 580 2641 634 susianen.

1347 886 1515 952 XJV.
1558 884 1670 951 DE
1713 885 1780 952 s
1820 883 2175 965 Qufflmo
2214 883 2595 950 'samono
2702 854 2709 860 ’

1739 1017 1824 1073 Cr.
1844 1034 2028 1087 supra,
2042 1034 2096 1087 p.
2116 1017 2202 1073 58.

834 1199 983 1266 Dux
1011 1199 1277 1283 quidam
1307 1198 1779 1277 Romanorum,
1800 1198 2064 1264 nomine
2085 1196 2407 1277 QuirinuS,
2421 1197 2712 1263 habebat
2732 1196 2933 1263 filiam
2960 1201 3215 1281 guttur-

743 1299 1272 1378 nosam,nomine
1290 1298 1653 1376 Balbinam,
1681 1298 2102 1381 habebatque
2138 1299 2278 1381 Ipse
2307 1297 2440 1362 dux
2461 1298 2731 1362 beatum
2759 1297 3213 1363 Alexandrum

743 1419 989 1483 papam
1011 1401 1078 1464 in
1106 1417 1364 1464 carcere
1393 1397 1705 1463 clausum.
1749 1398 1899 1481 Ipsa
1925 1417 2081 1463 vero
2110 1395 2327 1481 puella
2354 1397 2670 1480 pergebat
2700 1397 3080 1480 saepissime
3122 1397 3212 1463 ad

734 1518 1066 1565 carcerem
1091 1498 1206 1577 ubi
1245 1498 1480 1563 beatus
1526 1497 1898 1562 Alexander
1953 1516 2131 1580 papa
2179 1497 2429 1561 catenis
2466 1496 2816 1561 tenebatur
2844 1496 3100 1580 ligatus,
3144 1501 3213 1562 et

743 1597 1244 1664 deosculabatur
1285 1602 1551 1663 catenas
1581 1597 1815 1681 quibus
1858 1597 1997 1680 ipse
2044 1599 2308 1661 sanctus
2351 1586 2584 1677 lig'atus
2628 1600 2789 1674 erat,
2840 1595 3079 1661 scilicet
3122 1596 3211 1661 ob
3238 1615 3273 1666 ι

740 1698 1016 1780 gratiam
1037 1696 1526 1780 recuperandae
1545 1695 1863 1761 sanitatis.
1879 1695 1997 1761 Cui
2020 1695 2253 1761 beatus
2271 1694 2646 1761 Alexander
2660 1694 2851 1760 dixit:
2876 1694 3047 1778 Noli,
3064 1694 3213 1778 filia

733 1818 893 1880 mea,
915 1797 1197 1862 osculare
1236 1795 1354 1860 has
1375 1802 1647 1876 catenas,
1668 1794 1777 1859 sed
1793 1796 1817 1834 ¹
1838 1815 2065 1880 quaere
2084 1793 2256 1858 boias
2287 1795 2492 1859 sancti
2511 1793 2705 1876 Petri,
2722 1793 2946 1880 quibus
2964 1798 3215 1860 vinctus

728 1897 876 1980 fuit,
905 1903 960 1960 et
981 1895 1260 1959 osculare
1285 1896 1453 1977 illas,
1481 1901 1536 1958 et
1579 1893 1723 1958 inde
1753 1895 2011 1979 recipies
2052 1895 2409 1959 sanitatem.
2437 1893 2623 1972 Quae
2651 1913 2805 1958 mox
2841 1893 2927 1959 ad
2945 1899 3212 1977 patrem

733 2016 928 2061 suum
967 1994 1254 2074 venienS,
1308 1994 1601 2060 narravit
1642 1993 1702 2058 ei
1758 1994 1924 2059 sicut
1975 1993 2273 2059 audierat
2328 2012 2368 2058 a
2423 1992 2723 2075 praefato
2776 2012 2971 2076 papa.
3017 1992 3211 2071 Quod

734 2096 1007 2161 audiens
1027 2094 1218 2177 pater
1248 2093 1522 2178 puellae,
1546 2094 1724 2159 misit
1752 2093 2260 2176 Iherosolymam
2302 2093 2588 2171 nuntiOS‚
2619 2093 2730 2176 qui
2756 2094 3217 2176 perquirerent
3251 2117 3317 2168 «ο

734 2214 1066 2261 carcerem
1103 2194 1217 2259 ubi
1264 2193 1599 2276 apostolus
1628 2198 1772 2259 erat
1819 2197 1885 2258 et
1934 2193 2086 2258 inde
2131 2213 2353 2258 secum
2402 2194 2712 2258 afferrent
2772 2194 2956 2259 boias
2999 2194 3214 2259 sancti

737 2295 937 2361 Petri.
947 2293 1139 2373 Quod
1160 2295 1252 2359 ita
1271 2293 1518 2359 factum
1546 2297 1663 2358 est.
1688 2292 1867 2371 Quas
1890 2292 2274 2358 deosculans
2295 2293 2596 2376 praefata
2623 2292 2842 2376 puella
2862 2292 3004 2358 ilico
3031 2314 3218 2360 rece-

731 2396 838 2479 pit¹
859 2394 1226 2459 sanitatem.
1277 2392 1513 2475 Sicque
1546 2393 1781 2458 beatus
1812 2392 2182 2457 Alexander
2210 2393 2437 2457 exiens
2467 2392 2548 2456 de
2577 2411 2837 2457 carcere
2868 2393 3209 2458 constituit

735 2493 1048 2560 celebrari
1086 2492 1257 2557 hanc
1304 2491 1786 2557 solemnitatem
1826 2491 1952 2556 kal.
1988 2492 2247 2573 augusti
2275 2491 2341 2555 in
2384 2491 2631 2556 honore
2669 2492 2847 2557 beati
2892 2496 2959 2556 et
2997 2493 3213 2558 sancti

736 2593 933 2669 Petri,
957 2596 1020 2657 et
1049 2592 1117 2656 in
1146 2592 1282 2672 eius
1311 2590 1574 2656 nomine
1596 2590 1963 2655 aedificavit
1985 2589 2322 2656 ecclesiam
2345 2610 2513 2674 quae
2536 2590 2768 2655 dicitur
2787 2590 2890 2655 An
2915 2591 3208 2672 Vmcuu,
3242 2610 3313 2661 ⁴5

651 2749 656 2758 .
736 2693 808 2759 in
832 2712 963 2776 qua
1004 2691 1222 2771 etiam,
1264 2694 1335 2756 ut
1379 2690 1599 2769 fertur,
1625 2690 2057 2756 sollemnitate
2108 2694 2378 2756 catenae
2426 2690 2564 2756 eius
2595 2690 3141 2757 deosculabantur
3162 2712 3210 2759 a

731 2792 971 2876 populo
1001 2791 1254 2856 devote.

801 2958 824 2992 ¹
843 2959 968 3010 add.
983 2975 1017 3010 a
1036 2973 1179 3010 corr.
1203 2958 1259 3008 in
1281 2956 1369 3022 M,·
1384 2955 1538 3009 scdm
1556 2956 1608 3008 A
1631 2962 1679 3009 et
1710 2955 1896 3009 Vante
1917 2972 2059 3009 corr.
2072 2974 2096 3021 ,·
2110 2954 2206 3009 scd
2232 2957 2283 3009 Δ
2302 2964 2351 3009 et
2381 2955 2433 3007 V
2436 2963 2561 3024 post
2582 2972 2723 3009 corr.

1326 3389 1464 3454 XV.
1513 3389 1623 3454 DE
1665 3389 1736 3455 S.
1792 3388 2160 3455 VICTORE
2201 3389 2618 3455 MARTYRE

1740 3522 1822 3578 Cf.
1843 3539 2023 3591 supra,
2041 3538 2095 3592 p.
2114 3523 2197 3579 60.

816 3711 885 3769 3.
915 3752 1033 3768 ......
1060 3703 1242 3769 Tunc
1265 3704 1623 3786 imperator
1644 3702 1864 3768 furore
1888 3707 2251 3768 commotus
2274 3702 2457 3767 iussit
2480 3703 2719 3767 iterum
2740 3701 2944 3767 fustes
2971 3705 3214 3770 acutis·—

736 3803 935 3868 simos
956 3803 1191 3881 afferri,
1203 3808 1268 3868 et
1289 3807 1593 3868 sanctum
1607 3802 1933 3867 Victorem
1956 3802 2235 3881 extendi,
2248 3806 2313 3866 et
2336 3802 2621 3885 quinque
2651 3802 2978 3868 terniones
3008 3804 3211 3884 exire,

738 3904 804 3967 et
821 3922 1212 3985 praeconem
1240 3902 1558 3967 clamare:
1585 3901 1894 3983 Sacrifica
1923 3901 2069 3982 diis,
2101 3921 2256 3985 quos
2285 3904 2635 3984 imperator
2661 3899 2894 3964 adorat
2923 3908 2980 3964 et
3002 3905 3220 3967 omnis

735 4001 1029 4065 nobilitas
1065 4001 1504 4065 Romanorum
1549 4007 1740 4083 eaput
1768 4000 2052 4065 inclinat.
2100 3998 2380 4065 Sanctus
2422 4002 2645 4064 autern
2680 3999 2919 4077 Victor,
2942 4019 3096 4065 cum
3141 4002 3222 4068 in

741 4100 970 4184 poenis
991 4105 1161 4165 esset
1183 4100 1452 4183 positus,
1478 4099 1689 4166 oravit
1710 4099 1797 4164 ad
1822 4098 2455 4177 Dominum,dicens:
2486 4097 2759 4162 Domine
2778 4096 2922 4163 Iesu
2949 4099 3225 4184 Christe,
3272 4128 3317 4178 5

740 4221 853 4265 rex
882 4220 1052 4264 meus
1072 4206 1128 4264 et
1157 4199 1331 4264 Deus
1358 4219 1552 4280 meus,
1581 4199 1822 4263 adiuva
1846 4219 1942 4263 me
1945 4221 1976 4279 ;
2000 4219 2154 4262 nam
2181 4218 2287 4283 eqo
2315 4198 2719 4262 libentissime
2740 4199 2959 4282 patior
2980 4219 3107 4284 pro
3131 4206 3225 4268 te.

750 4298 933 4364 ‘Ptmc
960 4297 1166 4364 virtus
1194 4297 1434 4363 Christi
1460 4296 1849 4363 confortavit
1873 4316 2025 4361 eum
2067 4300 2133 4361 et
2154 4316 2196 4361 a
2234 4297 2462 4379 poenis
2488 4297 2788 4363 liberavit
2808 4315 2981 4362 eum.
3001 4297 3232 4365 Maxi·

750 4398 1008 4464 mianus
1035 4401 1257 4463 autem
1287 4396 1704 4481 impiissimus
1725 4396 1888 4462 dixit
1916 4396 2008 4461 ei:
2038 4395 2208 4476 Quid
2236 4394 2445 4460 adhuc
2462 4397 2727 4478 insanis,
2757 4395 3016 4461 Victor?
3045 4398 3235 4463 Gon-
3312 4461 3316 4463 ,

744 4499 877 4562 sule
903 4498 994 4561 vel
1020 4517 1190 4560 nune
1235 4497 1575 4580 sanquini¹
1604 4503 1709 4560 tuo
1753 4503 1806 4560 et
1847 4495 2111 4559 immola
2130 4495 2259 4560 diis
2288 4498 2439 4560 meis
2460 4495 2506 4578 ²,
2535 4516 2686 4580 quos
2716 4496 2989 4561 adorare
3027 4519 3235 4566 nemo

748 4616 948 4662 sanus
967 4598 1224 4680 respuit.
1247 4595 1406 4662 Ecce
1434 4603 1520 4661 tot
1545 4594 1926 4680 philosophi,
1975 4603 2060 4661 tot
2082 4602 2321 4680 poetae,
2346 4602 2432 4660 tot
2452 4596 2761 4680 sapientes
2788 4591 3051 4661 romani
3068 4619 3241 4665 oon-
3286 4626 3372 4680 η

744 4697 1018 4760 sentiunt
1063 4696 1313 4760 veritati
1324 4718 1354 4777 ;
1393 4701 1464 4760 tu
1505 4687 1693 4781 q'uis‘*
1733 4716 1816 4778 es,
1845 4697 1960 4781 qui
2012 4695 2303 4759 destruas
2344 4695 2580 4759 cultum
2620 4695 2965 4779 priorum?
2988 4696 3245 4769 Victor

749 4794 1087 4878 rospondit
1114 4795 1354 4877 :Audi,
1372 4795 1621 4880 perdite
1662 4802 1716 4859 et
1745 4816 1786 4860 a
1815 4794 2064 4865 diabolo
2096 4794 2352 4880 decepte.
2380 4794 2589 4860 Errat
2609 4797 2813 4860 omnis
2832 4797 3116 4863 mundus
3148 4802 3248 4869 in

812 4953 1121 5025 ¹san3uine
1142 4954 1409 5023 H.Vpou
1430 4953 1829 5010 corn—’tuis
1851 4953 2237 5023 HJK—'qui
2268 4954 2330 5009 V.
