3487 5450
731 598 872 671 190
1280 618 1369 671 m:
1421 617 1662 671 mono
1713 617 2156 670 nsosmmuo
2204 617 2619 671 Auernum.

719 826 1013 905 instaret,
1054 825 1327 892 stolida⁶
1345 844 1582 892 manus
1629 824 1977 891 curvedine
2024 823 2379 904 contabuit,
2422 842 2555 908 qua
2596 842 2679 888 ex
2707 826 2847 888 tota
2886 822 3183 907 corporis

718 928 909 1008 parte
927 928 1068 990 tam
1085 924 1327 990 inutilis
1346 924 1607 1005 mansit,
1630 929 1703 990 ut
1721 924 1902 990 omni
1920 922 2101 990 vitali
2120 923 2338 990 calore
2359 922 2665 1003 resolut0,
2686 922 2887 988 veluti
2909 942 3183 1006 corpore

716 1022 1048 1090 videretur
1067 1027 1284 1090 exuta.
1296 1023 1441 1102 Quo
1468 1022 1690 1091 dolore
1709 1023 2008 1108 perculsa
2036 1022 2125 1090 ad
2144 1021 2484 1089 ecclesiam
2502 1021 2712 1088 sancti
2736 1022 3182 1088 memorabilis

719 1124 1017 1209 pervenit
1042 1124 1321 1204 humilis,
1350 1143 1673 1209 quaerens
1701 1122 1943 1191 auxilia
1969 1122 2112 1189 sibi.

725 1289 1120 1347 —⁸solidaL.

726 1788 898 1855 XIX.
947 1787 1151 1854 VITA
1188 1787 1299 1854 1⁵51·
1342 1786 1887 1855 TRANSLATIO
1927 1786 1997 1853 S.
2037 1786 2386 1854 AURELII
2423 1785 2803 1855 EPISCOPI
2843 1785 3184 1853 ARMENI

1693 1952 1778 2008 Cf.
1796 1967 1980 2022 supra,
2001 1967 2057 2023 p.
2073 1952 2161 2008 m.

798 2175 955 2244 Quae
987 2176 1057 2231 de
1088 2175 1199 2231 hoc
1230 2175 1287 2231 S.
1322 2175 1544 2231 Aurelio
1566 2175 1730 2230 variis
1764 2174 1905 2230 locis
1935 2174 2137 2230 tradita
2173 2177 2321 2240 sunt,
2358 2177 2415 2229 et
2448 2174 2611 2228 valde
2647 2173 2848 2229 dubiae
2880 2173 3008 2230 fidei
3047 2189 3193 2241 esse,

734 2280 789 2331 et
824 2275 1167 2330 documentis
1203 2275 1475 2331 historicis
1503 2275 1613 2330 fide
1656 2275 1833 2344 dignis
1861 2275 1956 2330 vix
1980 2290 2096 2330 non
2127 2274 2352 2330 omnino
2383 2290 2688 2343 repugnare
2720 2290 2846 2329 cum
2893 2274 3036 2330 bene
3072 2292 3195 2344 per·

733 2374 1002 2444 spexisset
1022 2374 1431 2443 Papebrochius
1450 2378 1640 2430 noster
1669 2376 1759 2440 (1),
1783 2390 1850 2430 ea
1872 2379 2062 2430 tamen
2089 2377 2386 2443 utcumque
2408 2372 2683 2442 explicare
2721 2378 2779 2427 et
2797 2373 2984 2429 omnia
3008 2375 3032 2401 ⁸
3060 2391 3194 2430 con·

734 2473 916 2528 ciliare
936 2515 961 2539 ,
986 2477 1215 2529 conatus
1238 2477 1319 2528 est
1335 2472 1418 2528 vir
1439 2473 1687 2543 egregius
1721 2472 1815 2542 (2).
1838 2473 2002 2542 Quod
2028 2488 2197 2542 quam
2220 2471 2505 2527 infeliciter
2532 2470 2636 2540 ipsi
2668 2472 3004 2539 successerit,
3037 2478 3194 2529 recte

736 2573 977 2627 ostendit
1019 2572 1247 2628 Adolfus
1290 2571 1666 2628 Helmsdnrfer
1703 2571 1801 2640 (3);
1841 2573 1995 2628 cuius
2027 2570 2330 2626 sententiae
2365 2569 2704 2635 adhaerebit,
2739 2570 2947 2639 opinor,
2982 2572 3197 2641 collega

731 2675 933 2736 noster,
972 2671 1056 2727 cui
1096 2672 1169 2727 ad
1200 2672 1253 2727 d.
1289 2672 1325 2727 9
1361 2671 1678 2727 novembris
1710 2670 1837 2727 Vita
1878 2672 1932 2728 S.
1965 2669 2174 2727 Aurelii
2216 2669 2275 2724 in
2311 2673 2467 2725 Actis
2503 2670 2826 2724 Sanctorum
2862 2669 3198 2727 illustranda

732 2772 1004 2826 obveniet.
1022 2772 1088 2826 In
1103 2771 1534 2841 praesentiarum
1565 2776 1755 2827 autem
1787 2771 1920 2826 satis
1947 2770 2106 2826 nobis
2127 2770 2200 2825 sit
2219 2769 2371 2824 Vitas
2393 2768 2447 2824 S.
2469 2769 2691 2835 Aurelii,
2708 2785 2850 2838 quae
2875 2777 3193 2839 supersunt,

732 2871 921 2940 paucis
939 2887 1243 2926 recensere.
1838 2882 1841 2885 ·

799 2972 840 3026 1.
872 2971 1078 3026 Ceteris
1116 2970 1438 3040 antiquitate
1458 2973 1733 3039 praestare
1764 2969 1978 3023 videtur
1998 2984 2080 3032 ea,
2102 2983 2270 3037 quam
2308 2966 2505 3022 edituri
2537 2983 2745 3023 sumus.
2766 2967 2958 3037 Neque
2997 2973 3188 3024 tamen

731 3071 890 3125 valde
906 3070 1128 3139 antiqua
1146 3073 1244 3136 est,
1271 3074 1328 3124 et
1349 3084 1492 3124 saec.
1508 3067 1584 3122 XI
1598 3067 1824 3124 ineunte
1849 3068 1940 3122 vel
1961 3083 2245 3122 summum
2265 3081 2409 3121 saec.
2436 3065 2484 3119 X
2508 3065 2722 3121 videtur
2743 3066 2960 3136 scripta.

799 3169 865 3222 11.
898 3168 1132 3223 Alterius
1154 3168 1264 3223 hoc
1279 3172 1361 3223 est
1379 3166 1600 3222 initium
1624 3187 1639 3222 ε
1662 3167 1847 3235 Igitur
1861 3167 2050 3221 beatus
2068 3166 2337 3220 Aurelius
2351 3167 2622 3220 nobilibus
2639 3174 2687 3219 et
2707 3168 2983 3235 reliqiosie
2994 3186 3198 3235 paren·

732 3269 877 3321 tibus
915 3271 973 3320 in
1001 3269 1281 3335 provincia
1314 3267 1608 3321 Armeniae
1653 3273 1836 3332 natus,
1868 3272 2154 3334 postquam
2193 3266 2344 3319 domi
2379 3266 2649 3319 deliciosis
2687 3265 3085 3331 blandimentis,
3133 3276 3198 3322 ut

733 3367 1012 3432 infantilis
1030 3367 1199 3434 exigit
1221 3372 1384 3429 aetas,
1404 3373 1482 3419 est
1503 3366 1813 3420 educatus...
1843 3364 2127 3419 Ultimum.
2135 3379 2267 3418 vero
2292 3368 2472 3432 caput,
2495 3362 2553 3418 in
2574 3378 2684 3432 quo
2707 3364 2881 3418 sancti
2902 3366 3191 3422 translatio

734 3468 952 3517 narrata
991 3467 1089 3529 est,
1134 3463 1304 3517 edidit
1342 3462 1404 3517 G.
1449 3462 1618 3517 Waitz
1657 3463 1730 3531 (4)
1772 3479 1842 3518 ex
1884 3462 2071 3518 codice
2107 3462 2239 3517 olim
2283 3462 2629 3530 zwifaltensi,
2662 3463 2776 3518 iam
2806 3463 3194 3533 stuttgartensi

735 3563 869 3617 Bibl.
905 3563 996 3616 fol.
1027 3563 1109 3629 58,
1142 3577 1284 3616 saec.
1322 3561 1397 3616 XI
1432 3562 1679 3617 exeuntis
1705 3561 1797 3630 (5).
1831 3563 2052 3631 Legitur
2091 3562 2286 3616 eadem
2324 3561 2383 3616 in
2410 3578 2610 3630 magno
2643 3562 2954 3631 legendario
2988 3564 3198 3619 Treve-

734 3660 878 3717 tensi
902 3662 991 3729 (6),
1017 3678 1085 3715 ex
1118 3677 1229 3731 quo
1252 3661 1626 3730 apographum
1651 3677 1794 3715 saec.
1816 3660 1962 3715 XVII
1999 3659 2348 3729 desumptum
2390 3660 2532 3714 inter
2565 3661 2836 3716 maiorum
2872 3666 3193 3718 nostrorum

734 3761 965 3815 schedas
986 3761 1168 3815 adhuc
1207 3764 1456 3815 servatur
1486 3759 1544 3815 in
1567 3759 1757 3814 codice
1782 3758 2125 3814 Bruxellensi
2147 3759 2277 3814 bibl.
2293 3775 2403 3827 reg.
2426 3759 2658 3814 8936-38.
2683 3760 2806 3824 Sed,
2829 3761 2971 3816 utin
2988 3763 3193 3818 eodem

735 3861 922 3916 codice
954 3859 1293 3915 Bruxellensi
1317 3860 1499 3915 videre
1523 3863 1626 3925 est,
1657 3863 2011 3928 reppererant
2031 3858 2216 3914 Vitam
2244 3858 2398 3913 illam
2431 3858 2744 3914 decessores
2777 3860 2951 3915 nostri
2972 3860 3032 3916 in
3054 3879 3197 3931 quo·

735 3962 865 4015 dam
903 3960 1089 4015 codice
1127 3959 1259 4015 olim
1295 3958 1625 4014 Bodecensis
1664 3959 1932 4024 coenobii,
1970 3958 2084 4013 iam
2122 3957 2489 4014 bibliothecae
2527 3958 2706 4027 regiae
2748 3958 3199 4018 monasteriensis

733 4076 885 4115 num.
906 4060 972 4112 23
999 4059 1078 4125 (in
1101 4055 1381 4127 catalogo,
1401 4073 1555 4113 num.
1578 4057 1693 4122 214,
1719 4056 1828 4125 rv);
1851 4073 1919 4111 ex
1951 4072 2063 4126 quo
2096 4058 2384 4126 prologum
2410 4057 2825 4126 ascripserant,
2859 4058 2954 4127 qui
2968 4058 3026 4113 in
3044 4061 3202 4115 codi-

732 4159 887 4214 cibus
931 4156 1315 4226 Stuttgartensi
1354 4161 1411 4211 et
1442 4155 1766 4211 Treverensi
1808 4155 1977 4211 deest.
2010 4155 2116 4225 Qui
2155 4172 2283 4211 cum
2321 4156 2515 4224 dignus
2541 4157 2689 4211 visus
2727 4161 2887 4220 esset,
2917 4158 3014 4227 qui
3056 4159 3205 4228 typis

734 4257 1001 4315 ederetur.
1021 4256 1329 4325 petentibus
1351 4254 1512 4311 nobis
1543 4254 1700 4310 illum
1723 4271 1851 4310 cum
1874 4254 2061 4310 codice
2083 4254 2508 4320 Monasteriensi,
2530 4254 2625 4325 qui
2646 4271 2788 4310 saec.
2806 4254 2904 4309 XV
2929 4261 3202 4313 exaratus

736 4360 835 4419 est,
857 4347 1267 4424 perhumaniter
1286 4356 1516 4411 contulit
1536 4355 1621 4410 vir
1653 4355 2001 4411 doctissimus
2024 4355 2308 4410 Heinricus
2343 4354 2530 4420 F‘inke,
2571 4354 2661 4410 cui
2693 4355 2906 4423 gratias»,
2939 4360 3001 4411 ut
3024 4355 3204 4411 debe·

738 4471 878 4520 mus,
902 4470 971 4508 ex
988 4454 1176 4509 animo
1198 4453 1503 4510 referimus.

804 4653 879 4720 (¹)
910 4654 1027 4707 Act.
1060 4653 1173 4716 SS„
1206 4652 1313 4707 Mai
1351 4657 1389 4708 t.
1411 4652 1500 4721 VI,
1533 4670 1587 4723 p.
1618 4655 1702 4719 41,
1730 4669 1883 4709 num.
1920 4653 2082 4708 10-12.
2103 4680 2171 4693 —
2202 4651 2276 4721 (2)
2310 4653 2470 4718 Ibid..
2503 4669 2556 4722 p.
2576 4653 2742 4717 4142,
2765 4670 2918 4709 num.
2943 4654 3110 4710 13-14.
3135 4684 3209 4695 —

738 4736 812 4803 (3)
846 4736 1231 4804 Forschunqen
1260 4753 1369 4791 zur
1404 4737 1708 4790 Geschichte
1740 4738 1834 4791 des
1865 4737 2027 4790 Abies
2061 4736 2305 4790 wilhelm
2328 4751 2428 4789 von
2464 4736 2744 4790 Hirschau
2779 4736 2967 4804 (1874),
3000 4753 3053 4806 p.
3081 4739 3210 4793 110-

744 4819 856 4873 113.
879 4847 940 4856 —
964 4819 1037 4886 (4)
1058 4817 1122 4871 In
1148 4819 1381 4872 Archino
1419 4818 1622 4882 Pertzii,
1654 4823 1692 4872 t.
1715 4818 1805 4883 XI,
1827 4834 1881 4887 p.
1901 4818 2016 4872 271.
2038 4845 2106 4857 —
2128 4819 2201 4884 (ὃ)
2226 4817 2305 4872 ct.
2340 4817 2736 4882 ansofinrsn,
2771 4836 2854 4888 op.
2877 4822 2979 4882 eit„
3007 4836 3057 4888 p.
3088 4821 3205 4886 112,

738 4905 855 4955 not.
892 4901 942 4955 3.
985 4931 1046 4940 —
1083 4900 1158 4967 (6)
1192 4900 1274 4955 De
1312 4900 1420 4955 hoc
1454 4899 1791 4969 Legendario
1835 4899 1919 4955 ct·
1948 4901 2066 4955 Ba„
2084 4900 2300 4955 Kauscn
2344 4899 2398 4954 in
2446 4902 2621 4954 Neues
2659 4902 2881 4965 Archiv,
2926 4906 2964 4956 t.
3001 4900 3207 4970 xvm,
