3487 5450
899 502 988 553 nr.
1039 502 1459 554 mvnwmoNn
1510 504 1757 558 cunels
1807 504 2162 558 munaus.
2629 484 2779 559 415

301 690 531 769 μηνός,
556 687 683 769 ἅμα
706 691 1129 774 στρατοπέδω
1151 693 1390 773 πολλῷ,
1410 691 1510 755 καὶ
1534 691 1877 771 ἐκκλησίαν
1900 694 2446 773 συγκροτήσασα,
2472 693 2775 758 ἐκέλευσε

297 797 544 875 πάντας
571 799 730 875 τοὺς
774 795 1281 877 εὑρισκομένους
1323 798 1393 862 ἐν
1420 797 1837 879 Ἰερουσαλὴμ
1871 799 2253 879 Ἰουδαίους,
2302 800 2455 865 ὅσοι
2502 800 2675 879 ἦσαν
2703 800 2775 865 ἐν

298 905 550 988 παιδείᾳ
577 907 697 969 τοῦ
727 903 935 984 νόμου
970 904 1369 985 ὑπάρχοντες
1400 907 1501 969 καὶ
1530 906 1684 971 ὅσοι
1713 906 1889 985 ἦσαν
1920 908 2012 985 είς
2041 908 2158 985 τὰς
2204 908 2383 986 πέριξ
2425 909 2647 986 πόλεις
2675 910 2777 972 καὶ

299 1012 544 1092 κώμας·
568 1047 652 1058 -
674 1011 766 1089 ἦν,
784 1011 904 1089 γὰρ
938 1010 975 1090 ή
1007 1011 1422 1092 Ἰερουσαλὴμ
1453 1014 1543 1092 εἰς
1570 1015 1759 1092 τέλος
1782 1014 2224 1093 ἐρημωθεῖσα.
2248 1052 2330 1062 —-
2355 1016 2782 1095 συνήχθησαν

233 1132 263 1179 5
300 1122 373 1184 δὲ
423 1119 483 1184 οἱ
539 1118 834 1183 Ἰουδαῖοι
891 1118 1075 1196 ὄντες
1131 1121 1246 1183 τὸν
1303 1120 1574 1201 ἀριθμὸν
1622 1122 1979 1202 τρισχίλιοι,
2034 1122 2155 1201 οὒς
2222 1124 2689 1203 μετεκαλέσατο
2739 1124 2779 1203 ἡ

297 1226 575 1305 μακαρία
602 1225 821 1304 Ἑλένη
853 1227 955 1290 καὶ
983 1226 1150 1301 λέγει
1180 1226 1423 1305 αὐτοῖς·
1456 1222 1601 1292 οἶδα
1630 1228 1759 1304 ἐγὼ
1792 1229 1921 1292 ἀπὸ
1951 1232 2085 1293 τῶν
2116 1229 2321 1306 ἁγίων
2350 1232 2635 1308 γραφῶν
2679 1229 2780 1293 ὅτι

299 1333 558 1411 σπέρμα
600 1333 846 1396 δίκαιον
864 1329 989 1409 ’ήτε
1009 1333 1110 1395 καὶ
1147 1334 1454 1412 ἠγαπήκει
1498 1334 1663 1412 ὑμᾶς
1692 1334 1729 1398 6
1764 1335 1959 1413 Θεός·
1994 1335 2177 1415 ὑμεῖς
2208 1338 2280 1399 δὲ
2310 1335 2389 1400 οῦ
2421 1337 2783 1414 συνήκατει

298 1440 401 1504 καὶ
428 1441 505 1504 τὸ
538 1443 690 1518 φῶς
719 1438 1066 1518 ἐποιήσατε
1095 1441 1338 1519 σκότος
1362 1442 1557 1505 καὶτὸ
1583 1441 1828 1521 σκότος
1854 1445 2028 1521 φῶς,
2058 1444 2157 1505 καὶ
2180 1442 2297 1507 τὸν
2321 1444 2592 1507 θέλοντα
2614 1442 2784 1521 ὑμᾶς

296 1547 763 1625 λυτρώσασθαι
793 1546 921 1610 ἀπὸ
965 1547 1247 1625 κατάρας
1285 1548 1767 1627 κατηράσασθε,
1827 1550 2072 1613 καὶτὸν
2114 1550 2218 1613 διὰ
2243 1550 2527 1613 πτυέλου
2561 1571 2783 1629 φωτα-

192 1669 216 1715 4
232 1669 261 1718 ο
297 1656 696 1733 γωγήσαντα
717 1654 883 1734 ὑμᾶς
921 1654 1330 1733 ἐμπτύσμασι
1357 1660 1610 1735 μιαροῖς
1632 1656 2042 1732 ἐνεπτύσατε,
2066 1657 2168 1720 καὶ
2192 1656 2307 1721 τὸν
2329 1659 2488 1736 τοὺς
2508 1659 2785 1736 νεκροὺς

299 1749 635 1841 ἐγείραντα
704 1763 1060 1840 ἠθελήσατε
1083 1761 1123 1824 ⁹*
1166 1763 1398 1840 νεκρὸν
1457 1766 2024 1842 προσαγορεῦσαι·
2082 1764 2304 1829 τοίνυν
2374 1765 2543 1841 λέγω
2604 1763 2783 1853 ὑμῖν·

297 1868 675 1933 ἐπιλέξασθε
723 1867 904 1947 ὑμεῖς
956 1868 1213 1947 ἑαυτοῖς
1262 1870 1420 1946 τοὺς
1469 1869 1825 1947 λέγοντας8
1863 1869 2091 1934 εἰδέναι
2142 1871 2258 1934 τὸν
2310 1869 2532 1948 νόμον.
2586 1868 2785 1948 εὗρον

296 1976 463 2042 οὖν4
492 1975 736 2055 ἄνδρας
776 1977 1044 2055 χιλίους,
1089 1976 1319 2054 οἵτινες
1363 1976 1925 2057 ὑμοθ<υ>μαδὸνιὶ
1965 1979 2406 2056 παρεγένοντο
2450 1978 2620 2056 πρὸς
2664 1978 2793 2055 τὴν·

299 2084 713 2164 βασίλισσαν,
744 2088 1224 2163 μαρτυροῦντες
1251 2084 1553 2162 περὶτῶν
1581 2085 1800 2163 χιλίων
1829 2084 1926 2148 ὅτι
1951 2084 2134 2149 οὗτοί
2164 2085 2330 2149 εἰσιν
2355 2084 2415 2147 οἱ
2436 2086 2554 2149 τὸν
2576 2085 2786 2163 νόμον

196 2207 257 2253 ιο
300 2194 522 2269 καλῶς
568 2191 840 2269 εἰδότες.
886 2190 925 2268 ἡ
971 2195 1043 2256 δὲ
1083 2192 1271 2256 πάλιν
1313 2193 1479 2267 λέγει
1522 2191 1778 2270 αὐτοῖς·
1820 2191 2150 2256 ἀκοῦσατε
2194 2191 2318 2256 οὗν
2352 2193 2513 2270 τοὺς
2541 2192 2789 2269 λόγους

307 2320 436 2378 μου
466 2300 623 2368 <καὶ
647 2298 732 2368 ⁶>
760 2299 1165 2364 ἐνωτίσασθε
1192 2299 1272 2363 τὰ
1300 2282 1549 2377 ῥήματα
1576 2301 1696 2362 τοῦ
1729 2282 2057 2377 στόματός
2100 2319 2255 2378 μου·
2287 2299 2412 2365 οὐκ
2453 2298 2791 2378 ἠκούσατε

306 2406 462 2477 <ἐπί
486 2406 572 2476 ⁷>
598 2409 834 2475 τῶ<ν>
875 2405 1076 2481 ἁγίων
1117 2408 1481 2484 προφητῶν
1522 2409 1666 2484 πῶς
1710 2407 2125 2484 κατήγγειλαν
2159 2407 2302 2485 περὶ
2330 2408 2450 2469 τοῦ
2482 2409 2792 2484 σωτῆρος

309 2514 614 2593 Χριστοῦ,
644 2515 789 2591 περὶ
840 2512 921 2576 οὑ
969 2513 1257 2591 σήμερον
1305 2512 1472 2591 ὑμᾶς
1514 2512 1839 2591 ἐπερωτῶ,
1885 2512 1983 2577 ὅτι
2016 2514 2275 2577 παιδίον
2305 2513 2611 2591 ἐγεννήθη
2643 2514 2791 2591 ἡμῖν

313 2622 462 2699 υἱὸς
503 2623 606 2685 καὶ
649 2621 844 2698 ἐδόθη
899 2612 1046 2699 ἡμῖν
1063 2604 1091 2671 ·ξ
1113 2619 1194 2684 οὑ
1245 2620 1281 2698 ἡ
1328 2620 1488 2699 ἀρχὴ
1532 2602 1838 2700 ἐγεννήθη
1885 2620 1987 2684 ἐπὶ
2026 2614 2165 2684 τοῦ
2193 2620 2376 2699 ὤμου
2423 2619 2642 2694 αὑτοῦ,
2688 2620 2794 2683 καὶ

199 2743 269 2793 20
310 2733 591 2794 καλεῖται
621 2729 697 2792 τὸ
729 2728 939 2807 ὄνομα
983 2728 1186 2792 αὐτοῦ
1232 2728 1509 2806 μεγάλης
1546 2732 1789 2808 βουλῆς
1832 2728 2130 2806 ἄγγελος·
2161 2730 2264 2793 καὶ
2290 2728 2505 2814 πάλινζ
2533 2727 2792 2793 παιδίον

311 2837 623 2916 ἐγεννήθη
676 2838 825 2915 ἡμῖν
876 2835 957 2900 οὗ
1011 2827 1050 2914 ἡ
1095 2837 1297 2914 μήτηρ
1350 2835 1556 2915 ἄνδρα
1607 2836 1687 2899 οὐ
1732 2835 2079 2912 γνώσεταν
2123 2837 2225 2899 καὶ
2274 2835 2462 2900 πάλιν
2513 2834 2789 2913 ὁμοίως·

308 2944 771 3025 προωρώμην8
799 2945 916 3009 τὸν
946 2945 1169 3022 κύριον
1199 2943 1478 3007 ἐνώπιόν
1521 2964 1646 3022 μου
1695 2944 1801 3007 διὰ
1842 2944 2110 3020 παντός,
2143 2942 2241 3007 ὅτι
2286 2943 2357 3007 ἐκ
2399 2947 2626 3009 δεξιῶν
2661 2963 2789 3020 μου

307 3053 510 3126 ἐστίν,
535 3051 646 3116 ἵνα
674 3054 756 3130 μὴ
790 3053 1154 3116 σαλευθῶῡ·
1188 3051 1287 3115 καὶ
1314 3052 1602 3120 π<ἀ>λιν
1633 3051 1670 3115 6
1703 3051 2005 3136 ὑμνῳδὸς
2035 3049 2386 3128 Ἠσαῖαςῑθ.
2472 3100 2486 3114 .
2573 3099 2589 3114 .
2675 3100 2690 3114 .
2768 3078 2791 3115 ⁴.

304 3161 841 3238 <λιθασ>θέντος
862 3158 1050 3223 Πὺπὸ
1081 3163 1215 3223 τῶν
1236 3159 1534 3236 πατέρων
1558 3159 1759 3236 ἡμῶν.
1786 3151 1965 3222 εἶπον
1987 3157 2110 3241 οὖν
2140 3156 2347 3239 αὐτῷ·
2372 3158 2425 3221 εἰ
2449 3157 2572 3222 οὖν
2595 3157 2796 3235 ἐγνώ-

190 3279 263 3329 25
304 3259 528 3347 ρισαν,
558 3266 775 3345 πάτερ,
808 3266 871 3332 οἱ
901 3267 1174 3345 πατέρες
1204 3266 1387 3345 ἡμῶν
1416 3265 1514 3329 ὅτι
1545 3266 1747 3344 αὐτός
1776 3265 1953 3329 ἐστιν
1983 3264 2020 3328 6
2059 3264 2361 3342 Χριστός,
2395 3265 2566 3329 61612
2594 3266 2651 3328 τί
2694 3265 2794 3329 ἐπ’

303 3376 520 3441 αὐτὸν
548 3376 663 3452 τὰς
692 3378 907 3454 χεῖρας
935 3374 1319 3452 ἐπήνεγκαν;
1367 3373 1404 3437 6
1451 3377 1523 3437 δὲ
1559 3374 1725 3450 λέγει
1757 3393 1891 3451 μοι·
1922 3372 2216 3438 ἄκουσόν
2246 3393 2389 3451 μου,
2420 3375 2668 3437 τέκνον.
2711 3373 2794 3438 οὐ

302 3482 674 3549 συνέθεντο
706 3481 767 3545 οἱ
795 3473 1065 3560 πατέρες
1093 3481 1294 3560 ἡμῶν,
1326 3482 1483 3544 οὐδὲ
1514 3480 2013 3557 συνευδόκησαν
2055 3479 2105 3518 ¹³
2126 3479 2283 3557 μετὰ
2318 3483 2452 3544 τῶν
2495 3496 2795 3560 σταυρωψ

300 3592 584 3655 σάντων
611 3590 727 3654 τὸν
758 3588 1028 3667 Ἰησοῦν,
1061 3588 1196 3652 ἀλλ’
1228 3588 1440 3666 ἐπειδὴ
1474 3588 1736 3667 ἤλεγχεν
1766 3589 1922 3664 τοὺς
1951 3586 2263 3666 ἀρχιερεῖς
2314 3590 2432 3652 τοῦ
2479 3591 2645 3653 λαοῦ
2692 3590 2796 3653 καὶ

295 3694 480 3773 τοὺς
525 3697 1018 3775 πρεσβυτέρους
1061 3697 1431 3773 κατέκριναν
1474 3695 1673 3759 αὐτὸν
1722 3699 2208 3773 σταυρωθῆναι,
2260 3698 2797 3775 προσδοκοῦντες

182 3814 252 3865 3ο
297 3806 415 3871 ὅτι
449 3803 956 3868 θανατώσουσιν
1001 3802 1215 3876 αὐτόν,
1250 3802 1467 3867 ὅντινα
1510 3802 1890 3879 καθελόντες
1921 3802 2048 3871 ἀπὸ
2094 3805 2214 3865 τοῦ
2261 3802 2460 3867 ξύλου
2510 3803 2797 3881 ἔθαψαν·

295 3913 523 3991 αὐτὸς
555 3915 626 3975 δὲ
656 3912 762 3975 διὰ
789 3914 984 3988 τριῶν
1004 3911 1053 3948 ¹⁴
1083 3910 1337 3988 ἡμερῶν
1368 3908 1656 3986 ἀναστὰς
1707 3908 2091 3987 ἐνεφάνισεν
2138 3908 2342 3973 αὑτὸν
2362 3901 2415 3947 ¹⁶
2437 3912 2576 3986 τοῖς
2604 3914 2802 3988 μαθη-

291 4023 460 4097 ταῖς
513 4018 743 4081 αὑτοῦ·
796 4016 947 4080 ὅθεν
997 4018 1280 4094 πεισθεὶς
1330 4017 1669 4094 Στέφανος
1721 4015 1759 4079 6
1814 4016 2103 4095 ἀδελφὸς
2123 4016 2173 4054 ¹⁶
2216 4019 2336 4080 τοῦ
2380 4017 2629 4101 πατρός
2671 4037 2798 4095 μου

289 4132 563 4209 ἤρξατο
596 4125 923 4189 διδάσκειν
953 4125 1022 4188 ἐν
1050 4130 1142 4207 τῷ
1174 4128 1308 4208 λαῷ
1339 4124 1417 4187 τὰ
1443 4126 1586 4202 περὶ
1617 4123 1842 4197 αὐτοῦ,
1878 4124 1978 4186 καὶ
2013 4124 2362 4202 συνέδριον
2406 4126 2801 4202 ποιήσαντες

292 4237 365 4302 οἱ
401 4235 847 4299 Σαδδουκαῖοι
879 4233 1033 4308 μετὰ
1055 4235 1188 4295 τῶν
1212 4231 1590 4309 Φαρισαίων
1623 4233 1994 4309 κατέκριναν
2037 4230 2238 4295 αὐτὸν
2274 4233 2795 4309 λιθοβοληθῆναι,

175 4356 247 4406 35
289 4345 412 4408 καὶ
450 4346 756 4422 συνῇραν
784 4340 857 4402 τὸ
887 4343 1135 4417 πλῆθος
1167 4339 1267 4402 καὶ
1294 4338 1765 4417 ἐλιθοβόλησαν
1795 4336 2019 4401 αὐτόν·
2047 4337 2083 4400 6
2117 4340 2188 4401 δὲ
2219 4337 2529 4416 μακάριος
2553 4335 2805 4415 Στέφα-

371 4543 396 4578 ¹
425 4538 721 4604 *υνήκατε
745 4553 791 4591 ο.
809 4569 874 4578 -
888 4537 911 4570 ²
929 4539 964 4604 ἢ
985 4538 1265 4603 θελήσατε
1294 4553 1417 4589 0.-
1434 4537 1458 4570 ⁸
1475 4552 1763 4602 ψεγοντας
1783 4552 1906 4590 ο.-
1925 4537 1949 4570 ⁴
1974 4537 2145 4603 εὗρον
2162 4537 2267 4590 οὖν
2289 4544 2444 4589 extra
2462 4538 2660 4588 lineam
2677 4551 2724 4600 c.
2743 4562 2807 4573 —

289 4629 317 4663 ὃ
337 4622 733 4693 ὁμοθ*μαδόν
765 4636 810 4673 c.
843 4651 908 4661 -
927 4621 952 4654 ⁸
973 4619 1063 4673 καὶ
1098 4621 1225 4672 add.
1247 4647 1316 4658 —
1340 4619 1362 4652 ⁷
1387 4617 1475 4672 ἐπὶ
1498 4621 1626 4672 add.
1660 4636 1727 4672 ex
1751 4621 1813 4672 A.
1841 4646 1908 4657 —
1931 4619 1956 4653 ⁸
1975 4620 2120 4685 πρὸς
2145 4619 2345 4684 ῥώμην
2369 4634 2414 4671 c.
2433 4646 2500 4656 —-
2521 4618 2545 4652 ⁹
2569 4621 2811 4682 σαμυθῶ

289 4728 343 4766 0,
368 4735 449 4748 -
482 4705 533 4739 ²⁰
556 4701 810 4771 Ἡσαΐας]
827 4701 1065 4767 ἡστυίας
1090 4718 1165 4764 c.;
1178 4710 1369 4769 postea
1389 4704 1643 4755 lacunam
1666 4703 1910 4769 siquam}
1931 4703 2128 4767 folium
2152 4703 2449 4755 abscissum
2476 4707 2565 4753 eet.
2585 4730 2648 4740 -
2670 4701 2714 4733 ¹¹
2734 4704 2814 4753 ita

287 4791 531 4859 xripm’
554 4804 622 4840 ex
661 4786 724 4838 A.
760 4817 820 4827 —
845 4786 890 4819 ¹²
913 4785 1007 4838 ἵνα
1035 4801 1080 4838 c.
1116 4814 1179 4822 —
1205 4784 1252 4818 ¹³
1279 4784 1719 4851 συνηνδόκησαν
1743 4800 1790 4837 c.
1813 4814 1880 4825 -—
1905 4785 1953 4818 ¹⁴
1977 4786 2245 4851 διατριῶν
2262 4799 2308 4836 c.
2333 4814 2398 4824 -
2420 4783 2463 4816 ¹5
2483 4783 2659 4835 αὑτὸν
2676 4798 2722 4844 ο,
2745 4810 2815 4822 --

289 4878 345 4914 1⁶
371 4879 469 4930 ita
496 4871 709 4938 scripsi
732 4886 801 4922 ex
819 4869 890 4931 A;
911 4869 1102 4934 πατὴρ
1130 4884 1177 4921 c.
