3487 5450
723 537 820 612 22
1611 556 1700 608 nn
1754 555 2300 609 mrmotoolo

717 747 849 811 loco
875 747 1039 811 venit
1064 752 1267 810 textus
1293 745 1543 810 Adonis
1568 745 1645 809 de
1675 744 1948 822 Caristo,
1981 744 2238 824 Calisto,
2279 751 2407 826 etc„
2439 752 2496 808 et
2531 745 2714 810 tertio
2746 746 2876 810 loco
2909 767 3174 813 comme-

718 846 991 910 moratio
1019 844 1356 910 eorundem
1385 864 1461 908 ex
1485 844 2019 929 hieronymianis:
2044 880 2127 890 —
2170 845 2312 907 item
2354 843 2441 906 ad
2469 843 2536 907 d.
2573 848 2609 908 1
2643 847 2776 908 mai
2817 846 3088 910 secundo
3131 854 3190 912 et

717 947 898 1010 tertio
924 943 1057 1008 loco
1099 945 1356 1028 epitome
1383 942 1713 1008 Passionis
1743 942 2032 1027 Philippi
2072 949 2127 1007 et
2167 941 2393 1024 Iacobi,
2427 950 2562 1007 tum
2588 951 2758 1009 sexto
2811 944 2941 1009 loco
2984 952 3189 1012 textus

715 1043 967 1109 Adonis
1013 1043 1090 1107 de
1130 1041 1384 1123 iisdem,·
1413 1079 1496 1089 —
1521 1044 1668 1106 item
1714 1041 1805 1106 ad
1849 1041 1915 1106 d.
1950 1045 1994 1106 6
2017 1043 2149 1105 mai
2177 1050 2400 1126 quarto
2446 1042 2578 1106 loco
2633 1063 2794 1128 quae
2833 1044 2909 1108 de
2935 1043 3185 1110 Evodio

717 1141 895 1207 habet
922 1141 1067 1206 Ado
1094 1143 1163 1206 in
1186 1141 1659 1226 martyroloqio,
1698 1162 1863 1205 nono
1895 1148 2105 1205 autem
2151 1141 2279 1205 loco
2310 1162 2469 1225 quae
2505 1142 2670 1205 idem
2709 1143 2855 1206 Ado
2879 1143 2955 1207 de
2980 1143 3191 1209 eodem

716 1243 787 1305 in
818 1241 1063 1306 Libello
1091 1241 1174 1306 de
1203 1240 1662 1306 festivitatibus
1690 1240 2161 1323 apostolorum.
2196 1238 2280 1303 Et
2307 1239 2459 1304 haec
2486 1240 2736 1325 quidem
2777 1242 2938 1306 satis
2983 1250 3187 1308 sunto.

716 1382 721 1402 ³
804 1389 962 1454 Stilo
991 1409 1145 1453 usus
1167 1396 1252 1454 est
1296 1389 1717 1472 Wolfliardus
1736 1389 2136 1473 simpliciore,
2160 1409 2352 1474 quam
2373 1390 2443 1453 in
2468 1390 2824 1455 narrandis
2854 1392 3186 1457 miraculis

717 1489 786 1554 S.
824 1486 1230 1574 Waldburyis
1263 1489 1426 1572 fecit.
1466 1489 1626 1553 Cum
1661 1509 1898 1572 nempe,
1932 1495 2002 1551 ut
2031 1488 2178 1552 libri
2206 1496 2442 1552 natura
2474 1490 2848 1572 postulabat,
2895 1497 3025 1556 tota
3056 1492 3190 1556 eius

719 1609 907 1673 opera
929 1590 996 1651 in
1025 1589 1139 1653 hoc
1158 1592 1369 1674 posita
1390 1597 1559 1670 esset,
1583 1595 1651 1651 ut
1669 1588 1879 1671 fontes
1897 1608 2046 1652 suos
2068 1587 2431 1652 exscriberet
2450 1588 2542 1652 vel
2554 1589 2968 1672 paucioribus
2988 1590 3191 1655 verbis

719 1687 1128 1770 contraheret,
1159 1690 1264 1752 vix
1287 1686 1429 1769 fieri
1462 1694 1713 1772 poterat
1754 1694 1825 1751 ut
1866 1688 2388 1773 martyroloqium
2430 1707 2712 1752 sermone
2754 1689 2862 1753 illo
2906 1689 3188 1775 turpido,

718 1787 962 1852 tumido
1010 1808 1086 1851 ac
1143 1794 1416 1851 contorto
1493 1794 1548 1852 et
1623 1789 1813 1851 inani
1883 1787 2207 1851 verborum
2255 1788 2519 1870 strepitu
2570 1787 2976 1869 deformaret,
3024 1809 3185 1875 quae

718 1886 938 1949 merito
962 1887 1033 1949 in
1056 1885 1398 1949 Miraculis
1432 1885 1843 1970 Waldburyis
1858 1885 2252 1968 reprehendit
2272 1906 2328 1949 v.
2354 1887 2429 1950 cl.
2466 1884 2541 1951 Ο.
2569 1885 3054 1971 Holder-E'yqer
3076 1888 3192 1971 (1).

734 1982 1186 2066 Wolfhardum
1221 1991 1430 2048 tamen
1471 1986 1685 2067 ipsum
1715 2004 2012 2069 aqviosces
2038 1990 2172 2047 tum
2205 1986 2275 2049 in
2307 1984 2848 2068 praefationibus,
2871 2007 3030 2071 quae
3056 1987 3191 2051 sin-

713 2081 886 2167 qulis
910 2082 1352 2168 martyroloqii
1364 2082 1545 2146 libris
1558 2102 1664 2146 seu
1677 2083 1988 2147 mensibus
1991 2083 2324 2166 praefixae
2340 2090 2508 2166 sunt,
2525 2091 2655 2147 tum
2673 2104 2856 2169 saepe
2877 2087 2946 2149 in
2963 2088 3044 2150 iis
3052 2088 3191 2172 piis

716 2183 1051 2262 sententiis,
1080 2202 1242 2266 quas
1282 2180 1767 2246 narrationibus
1794 2203 1870 2246 ex
1904 2181 2127 2247 Adone
2167 2181 2509 2266 desumptis
2529 2185 3185 2266 praemittere.solitus

717 2286 826 2360 est,
856 2280 1040 2344 vel—
1056 2279 1164 2343 ubi
1181 2280 1319 2345 sota
1340 2282 1601 2345 nomina
1614 2281 1912 2364 proferre
1927 2279 2208 2360 habebat,
2236 2316 2317 2327 —-
2345 2282 2412 2345 in
2435 2281 2760 2346 verbon
2783 2283 3047 2367 ambitu,
3061 2305 3186 2370 quo

715 2380 979 2443 nomina
1006 2400 1079 2443 ea
1107 2380 1381 2462 involvit,
1425 2380 1816 2445 considerate
1852 2382 2063 2466 utique
2102 2401 2322 2444 cavens
2353 2385 2382 2414 “
2419 2401 2496 2444 ne
2537 2381 2691 2466 quid
2718 2382 2984 2467 simplex
3023 2385 3181 2448 sim-

728 2528 760 2559 „
794 2477 1070 2563 plicibus
1097 2479 1295 2544 verbis
1315 2486 1641 2565 exponeret
1672 2530 1703 2560 „
1735 2480 1855 2563 (2).

800 2626 1098 2712 Exempli
1139 2628 1358 2711 qratia
1410 2648 1612 2691 unum
1655 2629 1965 2712 inteornm
2018 2627 2182 2691 diem-
2231 2648 2307 2692 ex
2347 2629 2800 2715 martyroloyio
2849 2631 3156 2714 exscripsi
3160 2654 3189 2712 ,·

718 2748 899 2814 quem
918 2725 1040 2809 hic,
1068 2727 1368 2792 indicatis
1402 2749 1433 2791 e
1460 2729 1707 2812 reqione
1742 2727 2113 2811 Wolfhardi
2144 2725 2441 2810 fontibus,
2475 2728 2739 2811 subicio,·
2771 2750 2846 2794 ex
2867 2750 2986 2815 quo
3005 2731 3189 2796 intel-

716 2827 835 2912 leyi
845 2828 1080 2912 poterit
1104 2826 1413 2912 quomodo
1442 2834 1576 2891 tum
1610 2826 1794 2890 verba
1837 2827 2095 2891 inutilia
2141 2835 2468 2907 coacervet,
2490 2834 2625 2892 tum
2646 2849 2767 2893 sua
2795 2829 3180 2913 neqleqentia

715 2927 980 2990 nomina
1020 2926 1340 2989 interdum
1369 2927 1649 2990 maxime
1669 2927 2020 2991 necessaria
2059 2928 2326 3008 omittat,
2367 2927 2475 2991 sed
2517 2933 2574 2991 et
2614 2948 2740 2991 non
2781 2947 2938 2992 raro
2965 2931 3188 2995 omnia

704 3026 1085 3109 permisceat
1112 3027 1212 3089 vir
1240 3023 1457 3091 bonus.

980 3219 983 3221 -
1029 3171 1494 3250 Wonrnmmm,
1522 3192 1587 3236 v1
1615 3172 1761 3237 idus
1789 3172 2006 3237 martii
2580 3172 2845 3238 roms.

799 3271 919 3357 [1.]
960 3271 1332 3337 venerandi
1389 3271 1749 3337 Alexandri
1798 3275 1866 3337 et
1922 3270 2065 3336 Gaii
2120 3274 2319 3354 atque
2479 3270 2731 3337 Natalis
2809 3277 3192 3340 sanctorum

711 3369 1096 3436 Diumeniae
1121 3370 1215 3455 (3)
1241 3371 1310 3435 in
1348 3371 1653 3453 passione
1702 3371 2038 3436 conflictus
2084 3371 2313 3435 menti·
2396 3373 2762 3453 martyrum
2830 3372 3192 3440 Alexandri

716 3471 843 3535 bus
869 3468 1162 3534 fidelium
1191 3474 1293 3534 est
1320 3470 1455 3534 vita
1484 3474 1551 3535 et
1569 3474 1819 3552 pastuS.
1849 3469 2142 3549 Quorum
2172 3468 2314 3534 imi·
2397 3474 2465 3534 et
2519 3469 2658 3536 Caii
2711 3471 2797 3536 de
2850 3471 3191 3552 Eumenia,

717 3569 967 3634 tatione
994 3568 1220 3633 anima
1244 3569 1528 3633 nutritur
1556 3573 1621 3633 et
1650 3587 1907 3652 corpus.
1934 3568 2106 3633 Dum
2141 3568 2315 3633 enim
2398 3569 2511 3651 qui
2577 3570 2758 3652 apud
2832 3571 3191 3653 Apamiam

716 3667 991 3732 audiunt
1019 3685 1132 3732 eos
1161 3686 1365 3745 ceSOS‚
1397 3666 1672 3732 afflictos
1713 3688 1833 3750 per
1877 3672 2204 3733 tormenta
2245 3670 2312 3732 et
2397 3663 2848 3750 persecutione
2916 3670 3194 3736 Antonii

716 3767 1031 3841 mortuoS‚
1060 3768 1247 3829 actus
1281 3783 1436 3829 suos
1465 3764 1812 3847 corrigunt,
1840 3769 1915 3829 ut
1941 3770 2317 3830 mereantur
2397 3765 2547 3831 Veri
2567 3767 2881 3849 martyrio
2894 3771 3194 3835 coronati

717 3863 987 3929 eosdem
1029 3863 1275 3928 habere
1316 3864 1651 3946 propitios
1687 3871 1786 3928 11.
1820 3863 1907 3928 Hi
1948 3883 2100 3946 ergo
2138 3864 2318 3947 apud
2398 3869 2570 3930 sunt.
2612 3865 2851 3931 Scribit
2897 3867 3195 3951 Appolli-

718 3962 1071 4045 Apamiam
1091 3962 1541 4045 persecutione
1562 3963 1876 4028 Antonini
1897 3964 2046 4029 Veri
2072 3968 2317 4047 marty-
2396 3964 2574 4028 naris
2656 3964 3192 4048 Hieropolitanus

717 4060 818 4126 rio
845 4061 1137 4127 coronati
1165 4061 1492 4144 premium
1537 4066 1930 4144 acceperunt
1956 4082 2077 4144 pro
2103 4063 2315 4146 pretio
2398 4063 2741 4146 episcopus
2851 4064 2920 4129 in
3019 4065 3192 4132 libro

718 4162 1050 4245 sanguinis
1072 4162 1191 4228 sui.
1207 4161 1445 4228 Scribit
1467 4142 1860 4245 Apollinaris
1888 4162 2319 4244 Hieropolita-
2399 4163 2715 4230 adversus
2822 4164 3196 4251 Cataphry-

702 4281 845 4327 »nus
873 4262 1218 4345 episcopus
1239 4261 1307 4327 in
1334 4261 1500 4326 libro
1528 4261 1881 4327 adversum
1910 4261 2312 4344 Catasragas,
2396 4281 2536 4345 gas.
2584 4264 2758 4347 (Ado
2785 4272 2840 4328 et
2869 4264 2940 4329 N
2939 4265 3196 4332 otkerus

700 4425 704 4429 ,
804 4361 947 4441 Quo
1005 4362 1204 4427 etiam
1274 4361 1379 4426 die
1450 4364 1831 4426 sanctorum
1884 4381 1966 4425 11.
2030 4361 2308 4426 duorum
2391 4360 2480 4425 ad
2505 4361 2565 4426 h.
2596 4362 2689 4447 d.)

718 4464 1084 4544 martyrum
1109 4460 1451 4526 celebritas
1478 4460 1693 4544 agitur
1714 4463 1783 4525 et
1802 4460 2133 4525 veneratio
2154 4460 2311 4542 ipsis
2476 4460 2552 4526 In
2605 4461 2874 4527 Perside
2938 4464 3183 4530 natalis

720 4558 943 4625 debita
986 4562 1053 4625 et
1092 4559 1282 4625 nobis
1320 4560 1692 4625 necessaria
1720 4559 2082 4637 exhibetur,
2130 4563 2206 4624 ut
2247 4562 2313 4625 et
2395 4565 2794 4626 sanctorum·
2814 4566 3193 4646 martyrum

787 4740 861 4807 (1)
894 4741 1041 4800 MG..
1059 4739 1175 4795 Sor.
1195 4743 1236 4794 t.
1255 4738 1369 4802 XV,
1390 4755 1443 4807 p.
1462 4739 1579 4794 535.
1599 4767 1669 4778 —
1688 4737 1766 4805 (Ξ)
1788 4738 2199 4807 Holder-Egsser,
2221 4739 2351 4794 ibid.
2371 4768 2439 4780 —
2462 4740 2536 4804 (3)
2568 4740 2778 4798 Eodem
2803 4758 2992 4799 errore
3015 4744 3197 4814 inqui-

719 4820 1488 4972 ncztzmmestsswtffissn
1518 4822 1685 4877 breve
1708 4821 2018 4878 Fuldense:
2044 4824 2353 4877 Alexandri
2383 4831 2434 4877 et
2467 4825 2638 4891 θηρία·
2659 4833 2821 4894 atque
2843 4826 3198 4886 Deumiae.
