3487 5450
1109 624 1116 630 ’
1188 638 1567 716 -ΑΡι>εΝι>ιΧ
1612 635 1810 697 xm
2639 615 2779 695 185

314 828 575 895 ciebat:
641 828 722 894 Ut
762 828 916 915 quid
959 826 1325 892 horrescunt
1366 818 1683 909 tenebrae,
1710 848 1855 893 cum
1901 848 2139 913 semper
2180 829 2369 894 soleat
2416 829 2522 893 hic
2568 830 2783 894 lumen

314 927 588 992 ardere?
606 928 1000 993 Luminaria
1027 927 1265 1011 afferte,
1305 927 1713 991 calciamenta
1749 927 2052 1012 praebete,
2097 927 2442 1008 basilicam,
2493 929 2784 994 accedere

313 1029 514 1091 sinite.
539 1027 729 1092 Enim
756 1046 910 1092 vero
935 1027 1061 1102 illa,
1091 1047 1261 1110 quae
1287 1046 1436 1092 eam
1477 1027 1873 1092 observabat
1921 1027 2205 1093 sollertia
2254 1047 2533 1105 summa,
2587 1028 2784 1094 lacri-

313 1118 859 1192 mansreferebat
886 1125 973 1190 ad
994 1126 1120 1191 ista
1149 1149 1166 1191 ε
1200 1124 1368 1205 Non,
1398 1132 1467 1190 ut
1487 1124 1848 1207 arbitraris,
1872 1126 2030 1208 filia,
2058 1132 2329 1191 nocturn
2339 1127 2465 1191 alis
2492 1134 2548 1191 te
2576 1126 2787 1192 obcae-

248 1241 281 1289 ⁸
316 1233 419 1290 cat
448 1224 698 1307 umbra,
726 1246 865 1289 cum
896 1225 1024 1289 diei
1048 1226 1131 1288 sit
1151 1224 1308 1289 hora
1337 1225 1540 1306 clara,
1566 1224 1674 1290 sed
1695 1244 1926 1289 'nanus
1948 1225 2217 1290 Domini
2245 1226 2487 1290 iudicio
2506 1233 2563 1289 te
2584 1228 2787 1290 corri-

301 1326 463 1413 puit·
495 1325 713 1407 yram}
763 1325 902 1388 visu
957 1320 1171 1409 utiquc
1226 1322 1548 1388 oculorum
1603 1323 1863 1388 carebis.
1917 1322 2162 1389 Contra
2213 1344 2383 1408 quae
2443 1325 2553 1390 illa
2606 1324 2786 1389 nulla

312 1424 514 1488 animi
531 1424 585 1462 ¹⁶
610 1423 1044 1489 amaritudine
1073 1426 1418 1502 commota,
1448 1423 1668 1487 aiebat
1708 1422 2232 1505 gratulabunda:
2278 1423 2511 1489 Verane
2536 1430 2625 1488 est
2651 1424 2792 1488 ita?

310 1525 405 1589 At
433 1543 604 1607 quae
655 1528 842 1589 erant
891 1524 1063 1602 ibim,
1111 1543 1273 1607 prae
1322 1524 1623 1588 manibus
1669 1543 1818 1589 eam
1869 1528 2168 1590 tenentes
2216 1529 2282 1590 et
2326 1525 2413 1590 ad
2449 1524 2788 1591 ecclesiam

313 1624 646 1701 ducentes,
674 1628 1018 1706 vesperam
1048 1643 1197 1688 cum
1225 1641 1305 1688 ea
1334 1621 1798 1688 decantabant.
1839 1622 2087 1714 Deinde
2138 1624 2206 1688 in
2254 1622 2465 1689 semet
2501 1643 2786 1703 reversa,

213 1735 277 1784 ιο
309 1725 596 1791 lacrimis
618 1725 905 1790 ubertim
944 1725 1244 1808 profusiS,
1294 1728 1515 1789 mente
1552 1725 1793 1790 acerba
1819 1725 1988 1791 haec
2029 1726 2277 1792 rettulit
2290 1727 2340 1765 ¹⁷
2361 1727 2564 1793 verba
2594 1750 2610 1792 :
2638 1726 2788 1792 Heu
2817 1812 2824 1817 ι

312 1844 411 1886 mc
447 1825 767 1902 miseram,
810 1823 1090 1886 iucunda
1139 1821 1276 1886 sede
1311 1823 1686 1905 repulsam!
1731 1822 1813 1887 Ut
1844 1822 1999 1908 quid
2040 1823 2160 1886 huc
2196 1824 2384 1901 volui,
2428 1845 2587 1909 quae
2613 1831 2788 1889 tanto

305 1922 551 2006 qaudio
598 1922 865 2001 interfui
877 1920 1054 1987 ?Sed
1075 1921 1198 1985 illis
1225 1920 1689 2000 insistentibuS,
1716 1922 1951 2005 quibus
1976 1923 2321 1988 interesset
2344 1924 2788 1989 convenienti·

310 2022 456 2100 buS,
504 2022 631 2086 hoc
678 2020 889 2086 solum
931 2020 1293 2085 manifesta·
1323 2019 1697 2085 narratione
1756 2021 2052 2100 innotuit,
2099 2022 2270 2105 quod
2339 2023 2411 2087 in
2457 2022 2788 2105 quaedam

182 2190 187 2194 ,
311 2121 598 2186 virectae
625 2120 1037 2186 amoenitatis
1065 2119 1211 2184 loca
1248 2118 1543 2197 deducta,
1574 2120 1780 2184 muris
1818 2119 2146 2185 altissimis
2195 2120 2619 2199 circumdata,
2657 2120 2789 2186 illic

220 2228 278 2276 ω
311 2218 813 2284 deambulantes
834 2223 1213 2284 sanctorum
1223 2218 1455 2284 viderit
1477 2219 1728 2295 choroS,
1750 2218 1983 2284 habitu
2005 2220 2298 2302 facieque
2316 2220 2605 2300 decoroS,
2618 2212 2787 2303 quos
2870 2210 2878 2217 ’

314 2319 399 2384 de
420 2319 596 2384 vitae
616 2319 946 2384 humanae
973 2321 1154 2383 statu
1192 2321 1640 2396 retractantes,
1669 2322 1870 2401 atque
1902 2318 1970 2382 in
1998 2318 2198 2403 ipsius
2229 2319 2515 2384 ambitus
2544 2319 2788 2403 angulo

314 2406 464 2483 sese
488 2418 811 2482 iacentem
839 2420 1045 2482 unum
1075 2437 1155 2483 ex
1183 2417 1282 2482 his
1312 2416 1495 2481 audit
1516 2417 2017 2500 compellantem
2054 2439 2071 2481 ε
2110 2415 2266 2497 Q'uis
2285 2417 2451 2482 hanc
2476 2418 2789 2483 advenam

316 2517 405 2582 ad
426 2525 715 2581 nostram
743 2516 979 2581 devexit
1001 2516 1353 2580 coloniam?
1380 2514 1455 2579 N
1449 2537 1557 2579 um
1590 2515 1735 2579 hinc
1757 2536 2052 2596 remeare,
2074 2538 2160 2581 an
2182 2516 2283 2581 hic
2311 2516 2593 2582 condecet
2610 2517 2790 2581 habi-

315 2617 501 2681 tare?
521 2615 710 2681 Tunc
736 2634 905 2680 unus
935 2622 1016 2680 ex
1034 2614 1486 2680 consodalibus
1516 2614 1618 2679 his
1637 2615 1688 2653 ¹⁸
1707 2613 1961 2680 locutus
2004 2619 2105 2681 est
2133 2617 2402 2682 vocibus
2436 2638 2451 2680 ε
2484 2615 2673 2681 Iussa
2699 2625 2790 2682 est

223 2729 286 2781 ὀ
316 2717 532 2782 reduci
560 2723 617 2782 et
645 2717 833 2781 terris
853 2714 1062 2779 adhuc
1078 2709 1528 2800 pereqrinar'i..

399 2825 466 2884 9.
502 2817 622 2882 His
650 2816 922 2898 aliisque
948 2814 1232 2879 recitatis
1259 2817 1479 2897 atque,
1509 2814 1747 2897 quibus
1775 2814 1994 2897 priore
2015 2819 2206 2880 nocte
2235 2816 2567 2895 intererat,
2597 2817 2792 2882 visio-

317 2917 508 2982 nibus
555 2936 638 2981 ex
686 2916 913 2980 ordine
960 2914 1286 2991 revolutis,
1314 2932 1445 2978 nox
1493 2914 1669 2978 diem
1696 2912 2100 2979 concluserat
2151 2917 2217 2979 et
2267 2934 2469 2997 super
2514 2917 2789 2998 agendis

321 3014 513 3079 rebus
536 3014 830 3078 omnium
857 3013 1112 3077 animos
1140 3031 1296 3077 cura
1336 3031 1575 3094 magna
1602 3011 2009 3077 sollicitabat.
2054 3011 2354 3078 Tandem
2391 3014 2551 3080 inito
2578 3019 2793 3080 retra-

323 3114 587 3178 ctabant
615 3112 900 3197 consilio,
927 3116 1002 3177 ut
1028 3112 1175 3193 ipsa
1201 3131 1398 3193 aegra
1425 3130 1573 3176 cum
1615 3111 1940 3194 aliquibus
1968 3112 2297 3176 sororibus
2340 3133 2563 3199 secum
2585 3115 2794 3197 depu-

226 3223 294 3273 25
327 3214 471 3278 tatis
498 3231 751 3294 pernox
801 3216 1098 3276 maneret
1136 3211 1205 3275 in
1243 3210 1545 3288 oratoriO,
1592 3210 1885 3275 divinum
1933 3210 2291 3292 flagitando
2335 3213 2668 3293 auxilium,
2701 3217 2779 3279 ut

327 3310 583 3394 aliquod
623 3315 984 3375 mereretur
1012 3309 1303 3374 obtinere
1341 3308 1721 3374 remedium.
1743 3307 1876 3374 Sed
1909 3307 2067 3373 dum
2109 3309 2316 3373 serior
2342 3310 2508 3376 hora
2537 3313 2794 3394 exegis-

328 3411 456 3471 set¹
504 3415 575 3473 ut
591 3409 618 3447 ²
658 3428 888 3473 omnes
931 3410 1217 3491 quietem
1257 3407 1592 3491 petissent,
1636 3406 1743 3471 illa
1785 3425 1933 3471 cum
1977 3407 2308 3472 sodalibus
2355 3413 2508 3474 ante
2556 3414 2784 3475 sancta

329 3512 695 3572 sanctorum
723 3506 1035 3585 residenS,
1076 3510 1346 3588 repente
1382 3509 1523 3570 tota
1550 3505 1821 3570 ecclesia
1852 3505 2107 3588 fragore
2137 3525 2474 3585 concussa,
2497 3509 2791 3587 eosdem,

332 3625 486 3687 quos
511 3608 713 3689 prius,
736 3610 998 3671 sanctos
1028 3625 1176 3670 cum
1196 3605 1356 3681 aliis,
1387 3623 1552 3687 quos
1572 3605 1887 3687 signatius
1909 3605 2171 3669 nomine
2197 3607 2534 3687 expressit,
2559 3608 2790 3674 adesse

227 3713 297 3766 ³0
331 3704 566 3783 videnS,
617 3706 762 3770 dira
811 3725 967 3770 voce
1017 3704 1225 3769 dixit:
1275 3703 1329 3768 Ο
1356 3704 1413 3767 si
1459 3703 1787 3768 hominum
1823 3711 2033 3788 posset
2072 3705 2428 3789 pertinyere
2477 3707 2792 3789 notitiam,

336 3814 563 3887 quanta
592 3804 695 3868 hic
714 3811 1076 3869 sanctorum
1108 3803 1519 3867 cumulantur
1554 3805 1943 3886 patrocinia,
1989 3804 2206 3868 mellus
2244 3804 2427 3886 infra
2455 3804 2791 3889 Europam

335 3901 493 3967 locus
534 3910 916 3992 expeteretur
963 3903 1219 3986 diqnius
1264 3922 1455 3987 neque
1491 3902 1903 3987 frequentius,
1945 3904 2311 3986 praemissa
2355 3903 2587 3985 Roma,
2629 3924 2790 3989 quac

337 4003 512 4065 totius
562 3997 787 4066 mundi
823 4001 1084 4066 habetur
1124 4000 1517 4066 monarchia.
1553 4001 1634 4066 Et
1676 4001 1959 4067 adiecit:
2016 4001 2240 4066 Nonne
2285 4001 2529 4067 auditis
2553 4010 2791 4088 quanto

332 4100 598 4185 fraqore,
660 4122 818 4165 num
872 4100 1093 4165 videtis
1153 4100 1329 4187 quali
1394 4100 1627 4165 honore
1694 4115 2094 4176 concurrunt,
2169 4104 2281 4186 qui
2345 4101 2513 4165 hunc
2562 4103 2786 4167 locum

231 4209 303 4258 ³⁶
344 4201 676 4265 muniunt?

426 4308 532 4366 10.
562 4302 679 4366 His
713 4301 932 4366 verbis
960 4299 1156 4364 finem
1185 4299 1342 4365 dum
1376 4299 1573 4376 dedit,
1594 4298 1997 4381 psalterium,
2019 4299 2227 4364 altera
2255 4318 2477 4365 secum
2507 4300 2794 4366 alterna-

340 4398 454 4464 um
473 4401 866 4479 modulante,
887 4399 1234 4487 incohavit,
1256 4403 1322 4463 et
1343 4399 1430 4464 ad
1451 4399 1769 4464 tricenum
1791 4398 2192 4481 psalmorum
2214 4418 2560 4464 numerum
2581 4418 2791 4511 usque

341 4499 652 4581 perduxit,
680 4501 775 4566 ita
802 4499 1021 4564 verbis
1049 4481 1448 4580 distinguens
1480 4517 1764 4575 sensum,
1795 4501 1868 4562 ut
1908 4498 2065 4564 nulli
2106 4489 2378 4563 dubium
2420 4502 2593 4563 esset
2635 4499 2792 4581 quin

341 4596 608 4681 Spiritus
634 4599 845 4666 sancti
872 4599 1302 4663 illustraretur
1330 4597 1790 4662 condescensu.
1816 4596 1973 4662 Erat
1994 4598 2167 4662 enim
2183 4598 2206 4636 ¹
2228 4596 2478 4662 dudum
2504 4598 2792 4680 psalmo-

342 4835 773 4893 —ssonzst—
796 4838 843 4873 ¹⁶
872 4837 978 4892 illic
1004 4838 1066 4890 H
1106 4833 1473 4905 —17protulit
1496 4835 1560 4888 L.
1585 4865 1649 4875 -
1671 4833 1842 4889 ²⁸om.
1868 4836 1939 4888 H.

415 4920 860 4990 9.—¹exigisset
883 4920 1154 4974 H.—²et
1180 4920 1256 4972 Η.

416 5002 764 5058 10.—¹iam
797 5003 946 5058 ΒΜ.
