3487 5450
1272 606 1620 660 mmlx
1670 608 1768 661 111.
2475 597 2485 606 ·
2610 587 2749 662 129

293 797 398 863 vix
427 797 751 881 potuisset
790 797 914 863 nisi
943 799 1180 880 ‘repens
1208 796 1422 863 caelos
1449 796 1761 879 aspicere.
1790 795 1909 862 Cui
1930 797 2180 881 'obliqui
2221 798 2428 881 pedes
2454 800 2520 862 et
2560 816 2754 863 crura

289 900 461 961 retro
488 898 754 962 natibus
786 897 1237 980 iungebantur,
1250 901 1326 961 ut
1346 897 1562 979 potius
1583 900 1950 961 monstrum
1965 916 2159 980 quam
2190 896 2471 962 hominis
2498 896 2753 962 factura

288 996 636 1062 videretur.
671 996 796 1074 Qui
824 1016 973 1062 cum
1013 995 1204 1079 longo
1234 1000 1529 1079 tempore
1569 996 1762 1061 huius
1789 997 2182 1062 incommodi
2200 996 2503 1079 squalore
2530 996 2755 1061 foeda-

228 1146 254 1192 5
287 1100 484 1173 retur,
535 1097 827 1162 adeunte
881 1095 1267 1161 confessoris
1317 1095 1554 1163 Christi
1600 1095 2044 1161 sacratissima
2093 1096 2216 1173 die,
2284 1095 2550 1178 contigit
2597 1115 2750 1161 eum

288 1196 620 1261 nocturnis
668 1195 901 1279 vigiliis
944 1196 1279 1261 interesse.
1327 1195 1493 1261 Cum
1542 1199 1766 1260 autem
1812 1196 1880 1260 in
1920 1194 2038 1260 Dei
2066 1195 2367 1277 laudibus
2415 1195 2751 1262 exsultans

286 1294 767 1359 monachorum
795 1299 1014 1375 turma
1041 1295 1424 1369 concineret,
1455 1293 1735 1359 terrifica
1764 1313 1843 1358 ac
1862 1293 2054 1358 stride
2066 1293 2157 1358 Ati
2184 1312 2345 1358 voce
2383 1296 2753 1376 prostratus

290 1392 391 1457 ille
412 1413 676 1478 pauper
701 1394 1082 1477 proclamat.
1126 1392 1270 1472 Quo
1313 1413 1462 1459 cum
1497 1392 1758 1475 plurimi
1803 1393 2136 1476 utriusque
2165 1413 2360 1458 sexus
2388 1393 2755 1472 tenderent,

284 1492 679 1558 invenerunt
703 1513 855 1559 eum
882 1497 1023 1559 toto
1053 1512 1324 1576 corpore
1348 1497 1695 1558 extensum
1723 1496 1791 1558 et
1810 1492 2133 1558 iacentem
2155 1494 2342 1576 quasi
2366 1492 2757 1557 exanimem.

284 1592 403 1658 Cui
429 1592 718 1675 diligenti
750 1613 907 1658 cura
934 1594 1254 1676 apposita,
1283 1592 1586 1675 spiritum
1607 1611 1945 1658 resumens
1988 1595 2054 1657 et
2076 1592 2162 1657 ad
2185 1613 2257 1658 se
2285 1592 2565 1671 redienS,
2594 1591 2757 1656 dixit

198 1696 250 1747 ⁴0
282 1711 354 1757 se
375 1692 627 1758 vidisse
657 1692 746 1757 ad
785 1713 858 1758 se
883 1694 1219 1757 venientes
1248 1693 1412 1758 duos
1454 1692 1523 1756 in
1575 1697 1762 1758 veste
1808 1693 2086 1758 candida
2127 1693 2320 1769 viros,
2362 1692 2472 1775 qui
2520 1710 2758 1775 appre-

283 1792 572 1857 hensum
599 1812 769 1859 eum.
800 1811 968 1857 unus
1002 1811 1121 1874 per
1147 1791 1369 1874 pedes,
1400 1792 1565 1857 alter
1592 1811 1712 1875 per
1739 1792 2040 1875 scapulas
2074 1790 2524 1867 extenderunt,
2556 1795 2621 1855 et
2662 1790 2757 1855 ita

283 1891 691 1967 dimiserunt,
745 1892 911 1956 sicut
954 1892 1300 1969 iacentem,
1350 1891 1457 1974 qui
1497 1891 1921 1969 advenerant,
1971 1892 2381 1956 invenerunt.
2433 1891 2756 1955 Levantes

283 1991 477 2073 igitur
534 2010 684 2055 eum
733 2010 775 2054 a
817 1994 992 2056 terra
1035 1990 1337 2056 custodes
1378 1996 1534 2055 ante
1575 1989 2024 2056 mausoleum⁸
2065 1989 2576 2056 beati·Richarii
2604 2008 2752 2054 cum

281 2089 526 2174 hymno
549 2089 635 2154 Te
658 2089 866 2154 Deum
895 2089 1240 2154 laudamus
1273 2090 1690 2155 devotissime
1716 2094 2162 2173 portaverunt.
2173 2090 2320 2172 Ipse
2346 2107 2503 2154 vero
2531 2089 2617 2153 ab
2647 2088 2758 2154 illa

201 2202 253 2249 ⁴5
285 2188 388 2253 die
419 2194 676 2255 erectus
724 2192 788 2254 et
824 2208 1024 2254 sanus
1053 2188 1396 2254 ecclesiae⁶
1438 2188 1503 2252 in
1545 2189 1867 2273 reliquum
1893 2194 2154 2272 tempus
2181 2188 2502 2254 oblatorio
2542 2188 2755 2253 officio

288 2287 658 2353 deservivit.

366 2388 704 2453 Hactenus
764 2387 847 2453 de
895 2387 1031 2452 vita
1089 2391 1155 2452 et
1205 2387 1533 2452 miraculis
1586 2388 1767 2454 beati
1806 2387 1926 2452 viri
1969 2406 2180 2471 pauca
2227 2387 2754 2470 perstrinximus3

288 2492 585 2571 superest
612 2491 688 2552 ut
724 2488 810 2552 ad
831 2488 961 2553 alia
988 2493 1421 2552 transeamus.
1443 2487 1513 2553 Si
1537 2487 1782 2571 quis(1)
1809 2487 2092 2570 denique
2110 2506 2277 2570 puro
2303 2486 2499 2553 corde
2524 2486 2755 2569 plura⁷

291 2588 656 2670 quaesierit,
684 2586 863 2669 legat
894 2586 1130 2652 librum
1156 2587 1241 2652 ad
1272 2586 1577 2652 Carolum
1617 2605 1839 2670 regem
1868 2587 2265 2653 Ptancorum
2295 2585 2378 2651 de
2411 2586 2754 2652 virtutibus

197 2693 257 2745 ω
291 2686 421 2753 eius
475 2687 814 2770 scriptum,
845 2686 1065 2771 sicque
1115 2685 1557 2753 desideratum
1597 2687 1667 2751 in
1714 2705 1794 2752 eo
1841 2706 2079 2752 munus
2121 2685 2427 2752 inveniet.
2463 2675 2599 2752 Nos
2626 2685 2753 2753 ista

292 2787 522 2853 dixisse
556 2787 835 2853 sufficiat
843 2787 891 2851 ⁸.

285 2996 351 3008 —·
366 2970 387 3005 ⁵
413 2969 760 3024 mauseolum
801 2970 960 3024 W.-
974 2969 1000 3004 ⁸
1021 2969 1342 3024 aecclesiam
1385 2970 1577 3035 Wolfio.
1599 2997 1661 3007 -
1688 2968 1711 3002 ‘¹
1729 2985 1832 3023 om.
1865 2969 2060 3035 Wolfh.
2085 2969 2380 3023 A.M.V.—
2398 2969 2422 3002 ⁸
2440 2968 2655 3023 sufficit.
2678 2969 2752 3022 H.

901 3387 1007 3451 111.
1049 3385 1592 3451 TRANSLATIO
1635 3385 1702 3451 S.
1746 3385 2136 3451 RICHARII

347 3601 483 3655 Cum
507 3602 559 3656 S.
591 3601 897 3666 Richarius,
919 3599 1261 3655 Centulensis
1294 3601 1485 3664 abbas,
1508 3601 1784 3655 solitariae
1812 3601 1959 3656 vitae
1988 3618 2176 3656 amore
2199 3601 2411 3664 ductus,
2433 3601 2596 3670 paulo
2618 3606 2747 3656 ante

276 3705 520 3754 mortem
556 3681 804 3768 tempore
839 3700 895 3754 in
929 3700 1114 3754 locum
1149 3699 1408 3762 vicinum,
1430 3700 1523 3768 qui
1555 3700 1961 3755 Forcstis-Cella
1996 3700 2282 3755 dicebatur
2302 3701 2393 3768 (Ξ),
2418 3700 2750 3772 secessisset,

275 3799 589 3870 ibidemque
629 3801 742 3854 vita
775 3799 993 3855 functus
1028 3804 1187 3863 esset,
1207 3801 1528 3868 cupiverunt
1557 3803 1752 3868 postea
1786 3800 2139 3856 Centulenses
2179 3801 2441 3855 monachi
2478 3805 2537 3855 ut
2568 3801 2745 3855 sancti

273 3899 582 3953 fundatoris
606 3916 803 3967 corpus
823 3900 881 3953 in
902 3916 1060 3954 suam
1083 3899 1363 3954 abbatiam
1401 3900 1793 3954 transferretur.
1823 3900 1982 3967 Quod
2016 3905 2237 3954 curante
2277 3899 2554 3956 Ocioaldo.
2577 3917 2743 3968 quem

269 3999 378 4054 sibi
399 3998 782 4053 inmouasterii
818 3999 1078 4066 regimine
1113 4015 1489 4054 successorem
1522 4001 1638 4068 ipse
1668 3999 1957 4054 Richarius
1992 4001 2358 4064 substituerat,
2383 4001 2587 4054 factum
2605 4015 2744 4062 esse,

267 4100 346 4152 ita
383 4104 570 4152 narrat
600 4098 790 4167 paucis
828 4098 1090 4153 Alcuinus
1129 4099 1184 4152 in
1222 4098 1330 4152 fine
1359 4098 1510 4153 Vitae
1535 4098 1778 4153 Richarii
1801 4099 1903 4166 (3):
1927 4101 2031 4154 Sed
2053 4117 2161 4154 non
2197 4103 2365 4153 multo
2389 4108 2517 4169 post
2535 4102 2746 4166 fratm

265 4217 300 4250 a
334 4200 566 4252 Cermalo
584 4179 911 4252 'uenuste-io
928 4216 1050 4251 cum
1081 4215 1182 4252 suo
1200 4199 1384 4252 abbate
1417 4199 1684 4262 OcioaldO,
1716 4199 1835 4252 viro
1873 4200 2125 4266 reliyioao
2148 4208 2196 4252 a
2229 4201 2406 4252 sancti
2428 4215 2743 4264 succcsaore,

264 4307 536 4353 venerunt
552 4308 598 4352 et
618 4315 818 4366 corpus
838 4300 1013 4352 saneti
1028 4298 1283 4351 Rideat-ii
1305 4299 1561 4362 mlerunt,
1571 4306 1977 4366 posueruntque
2006 4302 2068 4351 in
2093 4299 2220 4361 loco,
2245 4316 2350 4366 qno
2385 4308 2433 4352 a
2454 4316 2599 4352 nunc
2619 4316 2741 4352 cum

266 4417 479 4468 maqna
505 4401 820 4453 meritorum
833 4399 1017 4463 ylaria
1035 4401 1336 4466 requiescit.
1368 4398 1508 4452 Cum
1524 4414 1634 4466 quo
1658 4413 1884 4465 prorsus
1929 4399 2259 4452 conveniunt
2290 4403 2408 4453 tum
2426 4400 2739 4467 Angelram·

262 4516 369 4554 nus
391 4501 460 4553 in
485 4498 605 4552 Vita
631 4498 874 4552 Richarii
899 4500 1123 4553 metrica
1149 4499 1239 4564 (4),
1264 4502 1378 4551 tum
1403 4497 1680 4551 Hariulfus
1701 4497 1761 4551 in
1795 4497 2066 4552 Chronico
2085 4498 2396 4552 centulensi
2420 4501 2509 4560 (5).
2534 4498 2735 4553 Verum

262 4600 451 4654 multo
479 4598 634 4665 plura
657 4599 875 4651 novisse
899 4597 1114 4653 videtur
1136 4603 1327 4652 auctor
1364 4597 1706 4661 narrationis,
1737 4614 1904 4666 quam
1944 4599 2052 4651 iam
2087 4598 2282 4651 edituri
2326 4614 2534 4659 sumus,
2574 4604 2736 4667 atque

324 4730 402 4795 (1)
426 4728 520 4783 Cf.
548 4732 663 4782 Act.
683 4730 795 4792 SS..
814 4729 944 4796 Apr.
969 4733 1007 4783 t.
1024 4729 1116 4790 ΙΙΙ,
1141 4745 1191 4797 p.
1213 4729 1327 4790 441,
1351 4745 1500 4782 num.
1512 4730 1560 4782 5.
1577 4757 1639 4767 —
1664 4727 1736 4793 (Ξ)
1761 4727 2206 4783 Foresmontiers.
2230 4728 2322 4796 qui
2340 4729 2490 4783 vicus
2529 4730 2738 4783 circiter

256 4814 327 4868 20
361 4811 733 4868 chiliometris
775 4811 1006 4866 Centula
1044 4812 1303 4866 distat—
1326 4812 1397 4876 (3)
1421 4814 1539 4865 Act.
1563 4812 1674 4875 SS„
1700 4811 1828 4878 Apr.
1848 4818 1885 4863 t.
1908 4810 1999 4875 111,
2038 4827 2091 4878 p.
2108 4811 2222 4874 446,
2255 4827 2407 4865 num.
2436 4812 2511 4864 14.
2544 4812 2735 4866 Manu:

255 4914 375 4962 mx,
404 4901 574 4957 Acta,
592 4910 733 4948 saec.
755 4894 823 4957 ΙΙ,
850 4911 898 4962 p.
922 4895 1032 4958 196,
1052 4910 1168 4962 cap.
1189 4893 1730 4959 14.—(4),MA1311.1.01<,
1750 4897 1788 4947 t.
1807 4910 1869 4957 c.‚
1885 4909 1937 4961 p.
1961 4894 2075 4955 210,
2096 4909 2140 4947 c.
2161 4893 2225 4946 14
2246 4898 2455 4947 extr.—
2471 4893 2543 4960 (ὃ)
2561 4893 2679 4948 Lib.
2697 4894 2736 4958 1,

257 4997 374 5051 cap.
392 4979 467 5035 2⁶3
495 4976 605 5044 (ed.
629 4977 685 5031 F.
703 4977 834 5042 Lor,
857 4993 908 5046 p.
923 4978 1025 5044 36).

538 5093 683 5132 Ant..
707 5093 870 5140 som„
891 5093 942 5130 τ.
963 5093 1091 5130 xvu.
2440 5077 2474 5129 9
