3487 5450
736 630 878 704 180
1285 649 1376 701 ns
1428 647 1670 701 mono
1720 647 2162 700 memsam
2212 646 2627 699 ausranco.

730 838 942 904 modis
969 837 1302 914 omissum,
1331 836 1507 903 haud
1540 840 1682 902 tam
1702 835 1731 874 ⁸
1759 838 2029 919 propter
2062 835 2534 918 neglegentiam
2578 854 2777 918 quam
2819 836 3198 902 auditorum

732 936 1176 1015 invidentiam,
1218 936 1331 1019 qui
1370 934 1567 1001 corde
1606 934 1893 1018 maligno
1918 934 2058 1000 Deo
2086 938 2273 1000 tanta
2298 934 2365 999 in
2400 935 2641 1000 sanctis
2682 934 2817 1000 suis
2845 935 3146 1018 operanti
3167 935 3199 974 ⁴

731 1036 1190 1103 detrectabant
1208 1036 1237 1075 ⁸
1262 1034 1547 1113 credere,
1566 1037 1711 1100 tum
1731 1034 1950 1117 sagaci
1968 1032 2289 1100 industria
2314 1033 2755 1117 spopondistis
2774 1039 3200 1100 veternosum

733 1135 1062 1201 silentium
1104 1154 1221 1201 vos
1263 1134 1428 1200 velle
1467 1134 1536 1200 in
1574 1133 1798 1218 palam
1834 1132 2177 1208 deducere,
2223 1132 2397 1216 quod
2441 1136 2506 1198 et
2550 1132 2854 1198 effectum
2895 1134 3199 1216 cepisset,

735 1236 792 1301 si
811 1236 841 1273 ⁸
887 1234 1218 1319 negotium
1246 1233 1599 1312 saeculare,
1621 1233 1799 1316 quod
1819 1237 1921 1298 est
1946 1232 2483 1317 impedimentum
2512 1233 2798 1298 exercitii
2825 1233 3200 1316 spiritualis,
3234 1250 3267 1296 a

734 1353 870 1400 non
890 1334 916 1371 ⁷
950 1333 1332 1399 obstitisset.
1364 1332 1606 1397 Verum
1632 1332 1792 1397 dum
1820 1331 1998 1397 nulla
2037 1331 2551 1397 intercessissent
2590 1331 2727 1397 otia
2754 1331 2841 1397 ad
2868 1331 3031 1398 haec
3052 1351 3204 1415 per-

713 1432 1033 1515 ficienda,
1061 1450 1251 1498 meae
1290 1431 1564 1497 inertiae
1588 1429 1763 1497 hanc
1802 1429 2093 1496 voluistis
2130 1450 2397 1514 operam
2427 1429 2779 1514 iniungere,
2821 1431 3001 1496 cuius
3030 1436 3098 1498 et
3146 1431 3201 1496 si

735 1532 958 1615 lingua
1005 1530 1164 1616 quid
1215 1531 1412 1598 inane
1450 1529 1781 1596 interdum
1826 1529 2127 1608 balbutit,
2176 1534 2315 1594 tam
2371 1534 2583 1595 exstat
2635 1530 2847 1595 aliena
2909 1530 3204 1595 veritatis

738 1631 993 1698 ratione
1014 1650 1215 1728 quam
1241 1649 1454 1743 egena
1466 1629 1784 1694 virtutum
1804 1631 2204 1711 operatione.
2231 1627 2362 1694 Sed
2384 1648 2534 1694 cum
2554 1628 2729 1693 nullo
2750 1629 2947 1695 modo
2970 1631 3056 1694 ab
3077 1629 3207 1694 hoc

741 1730 1014 1819 imperio
1041 1723 1239 1795 vestri
1282 1728 1635 1813 quivissem
1660 1727 2119 1793 auctoritatem
2154 1746 2510 1806 removere,
2538 1728 2845 1794 coacticio
2859 1729 2887 1768 ⁸
2914 1729 3208 1811 agitante
3242 1742 3312 1792 to

742 1828 1065 1905 stimulo,
1019 1829 1048 1867 ⁹
1092 1828 1364 1893 tandem
1387 1826 1712 1893 iubentis
1692 1826 1967 1910 imperio
1990 1826 2190 1892 malui
2212 1846 2446 1910 parere
2464 1846 2661 1910 quam
2684 1828 3208 1894 inoboedientiae

741 1946 987 1995 noxam
1026 1927 1370 2004 incurrere,
1422 1926 1527 1992 vel
1573 1925 1699 1991 hoc
1748 1925 2035 1991 tenebris
2076 1926 2313 2008 obtegi,
2357 1925 2533 2008 quod
2573 1926 2927 1992 multorum
2974 1928 3210 1992 notitia

745 2026 1082 2111 expediret
1107 2025 1356 2091 haberi.
1396 2024 1713 2104 Quocirca
1741 2025 1812 2089 in
1831 2028 2028 2108 portu
2053 2030 2312 2092 vestrae
2338 2025 2620 2091 blandae
2645 2027 2697 2064 ¹⁰
2722 2027 3210 2110 tranquillitatis

742 2145 953 2203 meae,
994 2129 1185 2208 pater
1212 2123 1601 2204 venerande,
1642 2125 2060 2208 conquiescat
2096 2124 2392 2189 anxietas
2420 2125 2678 2203 mentis,
2721 2130 2794 2190 ut
2820 2127 2889 2202 ¹¹,
2933 2126 3092 2190 dum
3120 2126 3210 2191 ob

743 2224 1260 2308 magnitudinem
1307 2222 1607 2289 iussionis
1664 2222 2093 2307 plurimorum
2141 2241 2249 2287 me
2304 2222 2640 2288 committo
2689 2223 3134 2289 caraxandam
3158 2223 3212 2263 ¹⁸
3249 2236 3319 2288 ιι

744 2322 1019 2408 ungulis,
1075 2322 1251 2406 quod
1305 2326 1446 2388 tam
1504 2321 1699 2387 fortia
1752 2320 2145 2387 narrationis
2171 2321 2222 2360 ¹⁸
2283 2320 2624 2403 aggrediar
2674 2340 2897 2404 opera,
2951 2327 3215 2389 vestrae

747 2422 1042 2490 sublevet
1077 2420 1389 2487 orationis
1420 2422 1811 2496 interventu,
1860 2440 1989 2504 quo
2020 2419 2281 2485 valeant
2309 2419 2598 2503 suppleri
2625 2420 2880 2500 effectu,
2910 2426 2976 2486 et
3008 2425 3082 2486 ut
3102 2442 3215 2488 me

746 2524 1017 2589 maneat
1042 2523 1351 2587 aeternae
1378 2519 1614 2604 quietis
1626 2512 1995 2603 respectus.

835 2626 906 2686 2.
945 2619 1145 2703 Igitur
1172 2618 1331 2684 dum
1360 2618 1650 2702 singulae
1691 2617 1890 2682 urbes
1932 2616 2331 2700 singulorum
2371 2617 2859 2699 patrocinentur
2900 2618 3217 2702 dignitate

751 2720 1145 2797 sanctorum,
1184 2717 1404 2784 nescio
1434 2737 1567 2803 qua
1604 2717 1859 2798 ratione
1885 2716 2244 2782 Patavinae
2269 2716 2450 2782 urbis
2493 2717 2877 2784 coenobium
2917 2718 3041 2785 hoc
3080 2740 3219 2787 non
3242 2730 3322 2784 ιο

749 2817 990 2890 meruit
1030 2817 1409 2900 sum-agium
1426 2817 1448 2856 ¹
1489 2815 1634 2895 nisi,
1661 2819 1736 2880 ut
1766 2815 2070 2900 equidem
2098 2815 2313 2895 crede,
2358 2816 2534 2899 quod
2560 2817 2778 2882 divina
2805 2818 3220 2901 providentia

751 2915 1223 3001 praeordinans
1255 2915 1478 2980 futura
1511 2913 1715 2979 voluit
1758 2912 1899 2979 fieri
1938 2917 2090 2997 post
2133 2916 2429 2996 tempora
2475 2933 2644 2996 quae
2693 2920 2847 2981 sunt
2900 2916 3219 2983 relatione

752 3014 1254 3082 manifestanda.
1278 3013 1536 3098 Nempe
1563 3012 1632 3078 in
1652 3012 1886 3078 eodem
1919 3012 2231 3078 coenobio
2252 3012 2642 3078 famulantes
2661 3013 2820 3092 Deo,
2841 3014 2991 3081 licet
3017 3015 3219 3082 divini

752 3114 1020 3199 ignarae
1040 3113 1068 3152 ⁸
1094 3112 1358 3192 consilii,
1398 3111 1823 3197 postmodum
1862 3110 2205 3195 praefiniti,
2248 3131 2290 3176 a
2328 3111 2664 3195 primaeva
2702 3112 2990 3180 viredine
3018 3114 3219 3180 devo-

751 3212 930 3280 tione
955 3210 1333 3277 fidelissima
1370 3211 1680 3277 studuere
1721 3214 2097 3276 sanctorum
2137 3209 2381 3276 Nicolai
2422 3210 2805 3277 confessoris
2849 3212 3088 3278 Christi
3136 3233 3219 3280 ac
3249 3233 3326 3286 ιο

752 3311 1061 3395 martyris
1116 3309 1505 3376 sanctissimi
1555 3308 1971 3376 pantaleonis
2020 3308 2333 3374 famulitio
2389 3309 2746 3375 inhaerere.
2809 3309 3000 3389 Quod
3053 3313 3219 3379 dum

732 3411 961 3499 ‚ferme
1009 3409 1479 3495 quinquaginta
1519 3428 1844 3475 annorum
1884 3408 2345 3476 decedentibus
2382 3409 2710 3475 curriculis
2739 3409 3034 3476 devotius
3062 3431 3221 3496 sup-

756 3512 1063 3596 plessent,
1105 3510 1448 3576 clementia
1480 3528 1784 3593 superna,
1815 3527 1985 3593 quae
2024 3527 2383 3592 numquam
2410 3510 2659 3592 spernit
2680 3510 2708 3548 ³
2734 3530 2855 3575 sua
2880 3511 3221 3579 voluntate

755 3610 1075 3690 laborata,
1104 3609 1389 3675 evidenti
1428 3608 1631 3674 voluit
1664 3608 1949 3691 probare
1989 3607 2222 3673 indicio
2263 3612 2497 3673 cuncta
2520 3614 2869 3693 prospecta
2911 3630 3054 3676 esse
3095 3631 3219 3677 suo

758 3708 1014 3785 iudicio,
1043 3727 1213 3793 quae
1240 3728 1360 3791 pro
1384 3706 1806 3774 veneratione
1834 3710 2207 3773 sanctorum
2234 3712 2634 3791 peraguntur
2655 3696 3000 3775 devotione
3019 3710 3218 3776 fideli.
3254 3727 3327 3780 ao

842 3813 910 3873 3.
951 3808 1144 3872 Anno
1208 3805 1531 3890 siquidem
1584 3803 1949 3871 dominicae
2002 3804 2462 3870 incarnationis
2526 3805 2866 3872 millesimo
2914 3820 3072 3872 nm
3130 3828 3219 3887 vx,

758 3906 1108 3973 indictione
1127 3925 1255 3984 1111,
1278 3904 1629 3970 festivitate
1657 3903 1953 3969 sollemni
1978 3904 2283 4016 martyris
2307 3902 2544 3969 Christi
2573 3904 3006 3979 Pantaleonis
3024 3927 3223 3990 prae-

763 4006 881 4072 fati
907 4005 1201 4071 coenobii
1226 4002 1679 4116 benignissimi
1695 4003 2066 4086 provisoriS,
2098 4003 2422 4086 quaedam
2448 4004 2665 4086 puella
2691 4005 2954 4072 nomine
2979 4006 3001 4045 ¹
3041 4006 3224 4072 Liut-

758 4101 1018 4190 'purga’
1058 4103 1351 4170 residens
1398 4103 1572 4169 intra
1591 4102 1621 4141 ⁸
1660 4101 1865 4187 ipsius
1912 4106 2145 4186 saepta
2193 4103 2588 4183 monasterii,
2635 4103 2791 4168 dum
2841 4105 2964 4169 sub
3007 4105 3223 4173 cubile

762 4203 1102 4272 cuiusdam
1127 4202 1528 4269 monasticae
1552 4201 1933 4267 iuvenculae
1962 4198 2421 4285 praetenderet
2448 4200 2854 4314 operandum
2893 4205 3225 4287 manibus,
3260 4223 3338 4276 aa

763 4302 982 4369 subito
1008 4320 1211 4368 manu
1250 4301 1320 4366 in
1361 4300 1779 4366 curvedinem
1807 4301 2198 4377 contracta⁴,
2235 4304 2301 4365 et
2327 4299 2549 4365 dolore
2574 4301 2775 4367 nimio
2814 4305 3013 4382 tacta,
3040 4303 3227 4369 lecti-

764 4387 1010 4467 sternia
1043 4399 1250 4483 petiit.
1276 4398 1464 4465 Tunc
1503 4397 1904 4464 venerandi
1886 4417 2186 4474 iuvenem
2211 4397 2474 4463 habitus
2501 4399 2811 4465 comitatu
2852 4399 3016 4465 alius
3056 4401 3227 4468 vidit

763 4589 1509 4663 —⁸taman;undoE—
1529 4595 1555 4631 4
1578 4594 1963 4664 operatiE—
1984 4594 2402 4649 ‘detractabant
2420 4595 2569 4650 Lu.
2589 4623 2658 4636 —
2678 4596 2823 4651 ‘nisi
2846 4598 3042 4666 Hpoae
3074 4616 3228 4658 eor-r.

762 4678 1011 4733 -ῖοιιι,
1044 4678 1721 4746 H.M,·add.oorr.L.—
1758 4677 2017 4734 ⁸coactio
2051 4679 2125 4732 Η.
2158 4708 2223 4719 -
2249 4679 2273 4713 ⁹
2305 4677 2472 4732 simul
2505 4679 2671 4733 M.—
2705 4679 3130 4736 ¹⁰om.H.—¹¹
3165 4687 3232 4739 et

765 4763 841 4817 H.
859 4789 928 4801 —
950 4760 1377 4816 ”mnndum
1396 4762 1446 4815 L
1459 4769 1599 4831 pou.
1620 4778 1765 4816 corr.
1782 4788 1847 4800 —
1866 4761 1914 4797 ¹⁸
1936 4760 2244 4815 interventu
2266 4761 2389 4814 add.
2412 4760 2480 4825 L,
2502 4769 2560 4814 at
2580 4763 2826 4816 deletum.

832 4846 896 4899 2.
916 4871 979 4883 -—
1015 4846 1036 4879 ¹
1059 4843 1346 4922 suffraium
1379 4845 1432 4897 L
1464 4845 1590 4898 add.
1623 4861 1748 4912 sup.
1780 4847 1880 4898 lin.
1909 4872 1977 4882 —
2000 4843 2026 4878 ¹
2059 4843 2243 4911 ignare
2277 4844 2344 4898 H
2369 4853 2493 4897 ante
2531 4861 2704 4910 corr.;
2738 4844 2906 4913 ignari
2939 4846 3007 4899 L.
3042 4849 3120 4902 Μ.
3148 4850 3234 4906 Ε

766 4944 911 4983 corr.
928 4954 998 4967 —
1011 4927 1038 4961 ⁸
1053 4943 1158 4982 om.
1179 4926 1247 4980 L.
1260 4944 1284 4992 ,·
1304 4926 1484 4995 spevit
1505 4927 1702 4981 Havete
1723 4944 1891 4992 corr,-
1916 4925 2123 5002 sprevit
2145 4925 2210 4978 Η
2221 4942 2365 4978 corr.

834 5011 987 5065 8.-
1006 5011 1030 5047 ¹
1051 5009 1275 5064 nomina
1293 5010 1446 5064 11.-
1469 5009 1495 5044 ¹
1515 5008 1796 5078 Lutpurfla
1816 5009 1972 5062 1011.
1998 5037 2061 5048 —
2083 5006 2435 5063 ⁸interlaffl.
2468 5008 2576 5046 -4
2595 5007 2673 5073 (in
2695 5022 2743 5062 c.
2765 5006 3136 5073 c.)incurvata
3153 5012 3236 5069 L.
