3487 5450
1077 592 1505 646 wemmam
1529 630 1533 635 .
1553 555 2004 647 msnnnnsm.
2669 572 2766 646 23

303 782 434 866 ipsi
462 783 793 867 gaudeant
818 783 901 848 de
929 785 1193 848 nostrae
1236 783 1566 849 servitutis
1595 782 1909 849 cordiflua
1990 802 2263 849 numero
2331 803 2455 849 xm
2550 782 2767 869 (iidem

306 882 733 948 famulatione
760 887 826 949 et
852 902 972 949 nos
1000 881 1425 947 sublevemur
1455 901 1682 947 eorum
1704 882 1914 967 conti·
1995 882 2193 967 ibid.).

304 1001 439 1048 nua
461 983 774 1048 oratione.

393 1081 591 1167 [111.]
615 1081 734 1147 His
754 1085 1098 1165 praeterea
1120 1081 1188 1146 in
1206 1081 1405 1146 Nicea
1426 1081 1632 1146 sancti
1655 1081 1899 1164 Gorgo-
2062 1082 2133 1147 In
2195 1082 2396 1148 Nicea
2466 1081 2766 1166 Gorgoni,

302 1181 470 1261 niuS,
523 1181 859 1247 Palatinus
908 1184 973 1247 et
1016 1181 1290 1261 FirmuS,
1336 1186 1400 1246 et
1444 1181 1509 1245 in
1552 1181 1901 1247 Antiochia
1979 1181 2259 1248 Palatini
2286 1181 2504 1247 Firmi.
2531 1181 2606 1247 In
2633 1184 2769 1248 An-

304 1281 538 1365 Agapa
594 1281 772 1364 virgo
828 1284 894 1346 et
947 1280 1130 1361 Pion,
1189 1280 1257 1345 in
1320 1280 1587 1345 Persida
1641 1300 1900 1364 quoque
1982 1280 2221 1347 tiochia
2249 1282 2477 1364 Agape
2503 1282 2766 1364 virginis

304 1379 664 1459 PalatinuS,
695 1381 1059 1447 Firmianus
1089 1386 1153 1447 et
1181 1379 1444 1445 Eraclus
1474 1380 1847 1446 sociantur
1831 1399 1897 1446 m
1981 1386 2046 1445 et
2089 1381 2439 1447 Marianae.
2467 1380 2765 1449 Smirnae

304 1478 555 1544 meritis
599 1482 666 1544 et
707 1482 1055 1543 nectuntur
1082 1478 1149 1542 in
1171 1477 1437 1560 premiis
1465 1478 1897 1561 sempiternis.
1979 1478 2268 1545 Phionis.
2348 1478 2423 1544 In
2499 1479 2768 1546 Persida

304 1577 489 1643 Sicut
559 1577 732 1642 enim
803 1578 1073 1643 virtutes
1131 1578 1217 1642 ab
1276 1577 1552 1643 invicem
1607 1578 1902 1660 separari
1980 1581 2347 1661 martyrum
2385 1598 2531 1643 xm.
2579 1579 2768 1646 Nico-

303 1681 661 1761 nequeunt‚
683 1678 777 1742 ita
801 1678 1010 1743 sancti
1031 1697 1071 1742 a
1093 1695 1165 1741 se
1188 1677 1563 1760 spiritaliter
1585 1677 1905 1742 semoveri
1989 1676 2206 1743 media
2274 1676 2553 1743 Palatini
2631 1678 2768 1744 Fir—

305 1797 439 1844 non
494 1780 789 1860 possunt.
842 1777 1010 1843 Sunt
1056 1796 1342 1860 namque
1399 1796 1548 1843 cum
1603 1776 1766 1859 ipso,
1794 1777 1905 1859 qui
1986 1776 2230 1842 miani
2301 1780 2366 1842 et
2435 1777 2766 1844 Rustici.

303 1877 648 1962 postulans
676 1876 942 1942 Patrem
971 1876 1064 1942 ait
1092 1898 1108 1940 :
1144 1883 1170 1911 ⁴⁸
1206 1876 1387 1955 Volo,
1429 1879 1636 1960 pater,
1673 1879 1748 1942 ut
1790 1876 1902 1941 ubi
1984 1876 2385 1942 Alexandria
2471 1877 2767 1957 Eracli,

310 2027 339 2055 ‚
379 1996 499 2061 ego
522 1995 688 2057 sum,
717 1976 842 2042 illic
869 1976 952 2042 sit
974 1979 1041 2042 et
1060 1976 1354 2041 minister
1380 1994 1568 2041 meus
1604 2025 1655 2052 ,,.
1978 1975 2214 2041 Zosimi
2227 1975 2768 2061 (hieronymiani).

387 2142 612 2227 Neque
670 2143 882 2205 minus
937 2142 1105 2205 mira
1160 2148 1309 2205 sunt
1361 2160 1520 2225 quae
1582 2146 1717 2203 tum
1776 2140 1950 2221 alibi,
2004 2147 2139 2204 tum
2193 2139 2484 2205 kalendis
2537 2141 2769 2225 aprilis

306 2240 569 2323 scripsit
616 2244 848 2303 noster.
909 2236 1253 2323 Postquam
1300 2257 1516 2321 nempe
1568 2234 1961 2301 Theodoram
2008 2236 2120 2320 (cf.
2172 2237 2459 2302 Adonem
2498 2244 2553 2301 et
2605 2238 2766 2302 Not-

304 2336 529 2404 kerum
582 2337 673 2402 ad
716 2336 778 2402 Ιι.
828 2337 940 2421 (1.),
995 2336 1372 2401 Venantium
1414 2334 1638 2420 (ibid),
1694 2335 2090 2401 Walaricum
2119 2336 2231 2421 (cf.
2259 2356 2481 2421 supra,
2517 2357 2591 2422 p.
2639 2338 2768 2420 13),

308 2440 596 2523 Aqapem
641 2443 697 2501 et
731 2435 1069 2502 Chionium
1109 2436 1221 2522 (ef.
1266 2434 1652 2500 Hrabanum
1694 2444 1752 2500 et
1791 2434 2040 2500 Bedam
2080 2436 2405 2521 vulqatnm
2445 2435 2534 2500 ad
2573 2434 2636 2500 h.
2674 2435 2767 2514 d„

304 2538 593 2601 Adonem
622 2543 680 2600 et
716 2535 1071 2601 Notlcerum
1096 2535 1186 2600 ad
1209 2536 1338 2601 d.3
1377 2542 1556 2619 apr.)
1598 2537 2120 2619 cmmemoravit‚
2159 2536 2256 2600 ita
2298 2535 2527 2600 desinit
2569 2534 2767 2618 Wolf-

301 2635 552 2701 erdus
578 2658 600 2699 :

388 2736 463 2802 In
516 2737 834 2802 Armenia
889 2756 1149 2820 quoque
1190 2739 1567 2802 sanctorum
1606 2736 1749 2818 ipso
1792 2735 1897 2801 die
1939 2734 2213 2801 aliorum
2260 2735 2548 2801 celebres
2590 2736 2769 2823 inve-

303 2837 577 2902 niuntur
629 2835 1069 2919 depositiones
1094 2837 1152 2915 ¹⁸,
1179 2834 1428 2900 Pax-tini
1468 2834 1728 2915 scilicet,
1758 2834 2109 2914 Quintiani,
2135 2833 2429 2915 VictoriS,
2464 2832 2767 2916 Secundi,
2934 2863 2965 2895 a
2981 2864 3095 2918 eoa.

307 2951 562 2999 necnon
592 2938 660 2999 et
686 2933 987 3013 Herenei,
1016 2933 1358 3016 Ingenuae,
1384 2931 1702 3014 Stephani
1731 2936 1800 2997 et
1828 2932 2122 2998 Victoris.
2813 2926 3220 2998 dispodtiones.

398 3030 518 3097 Ubi
565 3040 774 3097 autem
819 3052 1032 3097 omnes
1070 3032 1214 3097 illos
1265 3034 1577 3096 Armenes
1625 3032 1985 3116 reppererit,
2022 3029 2287 3095 subiecto
2328 3029 2769 3115 manyroloqii

298 3130 770 3216 hieronymiani
797 3137 966 3196 textu
988 3131 1394 3213 manifestum
1411 3129 1516 3212 fiet
1543 3131 1638 3216 (1)
1665 3153 1683 3196 ι

384 3230 454 3295 In
482 3232 759 3296 Annum
789 3231 1027 3297 natalis
1059 3250 1423 3297 smerontm
1452 3230 1732 3309 Pmrmi,
1774 3228 2117 3308 Quinum,
2143 3229 2455 3308 Vin-roms,
2482 3228 2768 3296 Saeuum.

387 3329 462 3395 In
492 3330 813 3396 Heraclea
840 3331 1122 3397 civitate.
1145 3330 1310 3395 Item
1333 3329 1627 3409 VictoriS,
1657 3329 1989 3409 Chioniae,
2015 3329 2246 3412 Agape
2275 3333 2341 3394 et
2362 3327 2660 3393 Humum.

381 3429 460 3494 In
493 3428 959 3496 Thessalonica
998 3429 1235 3495 natalis
1279 3432 1653 3495 sanctorum
1687 3429 2072 3509 Inanimum,
2102 3427 2456 3508 Saturnini,
2482 3427 2767 3509 Parteni,

300 3526 571 3608 Dionisi,
598 3529 883 3609 Pantcri,
910 3529 1285 3595 Alexandri.

381 3628 459 3693 In
486 3627 739 3712 Egypto
762 3629 982 3712 passio
1011 3631 1385 3694 sanctorum
1413 3627 1709 3694 Vioroms
1737 3648 1816 3693 m·
1844 3627 2176 3694 Srn’mm.

389 3794 567 3876 Quae
597 3796 707 3880 qui
727 3802 952 3860 attente
972 3796 1135 3859 inter
1161 3814 1226 3860 se
1253 3795 1602 3876 contulerit,
1630 3796 1861 3860 certior
1881 3798 2095 3882 utique
2109 3796 2215 3881 fiet
2234 3819 2474 3882 parum
2497 3798 2768 3864 subsidii

293 3915 376 3960 ex
420 3893 789 3976 Wolfhardi
826 3894 1277 4009 martyroloqio
1320 3893 1833 3979 haqioqraphieis
1872 3895 2102 3961 studiis
2131 3904 2589 4011 proventurum
2616 3918 2763 3980 esse,

295 4014 445 4058 eum
472 3993 640 4058 illud
659 3993 929 4073 tandem,
961 4030 1043 4042 —
1062 3995 1119 4059 si
1132 4013 1374 4078 paucos
1399 3995 1652 4058 omnino
1674 4000 1879 4058 textus
1899 3996 2135 4077 demas,
2158 4017 2311 4082 quos
2333 3999 2401 4061 in
2422 3997 2764 4082 appendice

295 4092 614 4172 dabimus,
638 4130 720 4141 —
752 4093 915 4157 nihil
942 4092 1125 4156 aliud
1150 4094 1235 4158 sit
1255 4113 1446 4179 quam
1464 4093 1741 4177 farrayo
1767 4095 2098 4178 quaedam,
2108 4098 2174 4159 in
2205 4117 2353 4180 qna,
2375 4096 2592 4160 multis
2618 4116 2763 4160 con-

295 4194 543 4273 tractis,
567 4194 835 4274 resectis,
861 4194 1140 4274 mutatis,
1161 4193 1545 4276 depravatis,
1576 4199 1865 4274 conqesta
1905 4202 2051 4258 sunt
2081 4194 2452 4279 frayonenta
2471 4215 2548 4258 ex
2571 4194 2763 4259 docu-

295 4293 527 4357 mentis
549 4312 713 4378 quae
731 4292 887 4357 alibi
907 4291 1147 4374 melius,
1165 4291 1421 4376 plenius
1442 4298 1496 4356 et
1518 4290 1770 4375 fidelius
1797 4291 1972 4357 nobis
1992 4299 2140 4357 sunt
2162 4301 2432 4359 servata.

359 4477 437 4543 (l)
474 4474 556 4531 cf.
574 4478 694 4530 Act.
716 4475 828 4541 SS„
848 4474 983 4530 Nov.
1002 4479 1040 4530 t.
1065 4475 1128 4542 11,
1158 4476 1202 4542 1,
1220 4490 1274 4544 p.
1296 4473 1421 4544 [38].
1447 4473 1719 4543 Exscripsi
1741 4478 1956 4530 textum
1990 4472 2194 4530 codicis
2213 4474 2761 4544 wissemburgensis.
