3487 5450
1284 614 1635 680 manunt
1682 626 1806 680 xx.
2628 607 2773 682 197

308 816 467 883 toris
520 815 905 899 agnovimus
931 814 1041 898 (1).
1085 812 1369 892 Quidam
1406 814 1580 880 enim
1620 807 2042 882 vercellensis
2070 816 2414 902 episcopus
2452 818 2773 934 Notingus

308 915 578 982 nomine
607 915 693 981 ab
732 914 1216 997 archiepiscopo
1244 912 1710 980 Mediolanensi
1750 933 1986 998 corpus
2012 916 2222 982 sancti
2246 916 2493 983 Aurelii
2517 918 2774 1003 magnis

308 1015 614 1101 precibus
639 1013 1016 1097 impetravit
1058 1016 1258 1097 atque
1283 1011 1372 1078 ad
1411 1033 1604 1079 suum
1637 1013 2085 1098 episcopatum
2105 1016 2447 1082 Vercellis8
2471 1017 2773 1101 primitus

309 1114 664 1181 convexit⁸.
706 1113 790 1179 Et
850 1113 1004 1197 quia
1042 1113 1218 1178 idem
1262 1112 1598 1197 praefatus
1639 1113 1984 1198 episcopus
2042 1115 2341 1198 partibus
2384 1115 2775 1187 Germaniae

309 1213 550 1280 ducatu
597 1212 1029 1279 Alamanniae
1068 1231 1203 1277 non
1244 1212 1505 1295 ignobili
1546 1212 1749 1297 stirpe
1789 1217 1972 1280 ortus
2013 1218 2212 1299 atque
2237 1215 2521 1282 nutritus
2549 1220 2670 1297 est,
2704 1217 2777 1283 in

245 1329 279 1380 e
314 1312 598 1397 quodam
625 1331 885 1379 secessu
925 1311 1264 1378 cuiusdam
1291 1311 1496 1378 saltus
1523 1312 1831 1378 territorii
1859 1313 1960 1379 sui
2001 1314 2530 1381 amoenissimum
2557 1315 2775 1385 locum

313 1413 677 1496 explorans
701 1410 1146 1495 dignissimum
1167 1410 1613 1477 habitaculum
1630 1415 1947 1496 tantoque
1972 1431 2280 1479 mansore
2306 1433 2617 1498 capacem
2639 1418 2778 1482 stu—
2815 1479 2818 1482 ,

312 1512 450 1578 duit
477 1530 876 1596 praeparare
902 1510 1331 1575 mansionem.
1361 1509 1527 1576 Cum
1571 1529 1894 1578 consensu
1920 1512 2112 1595 igitur
2136 1513 2455 1596 praedicti
2496 1515 2778 1598 impera·

312 1611 469 1676 toris
524 1609 1038 1676 christianissimi
1085 1609 1309 1693 populi
1343 1610 1480 1675 zelo
1521 1609 1675 1675 fidei
1717 1610 2084 1695 Christique
2127 1631 2353 1679 amore
2392 1613 2672 1698 perculsi
2711 1617 2780 1681 et

311 1708 610 1794 partibus
648 1708 1039 1775 Germaniae
1067 1707 1452 1791 conglobati,
1478 1727 1613 1774 una
1640 1727 1790 1774 cum
1816 1709 2116 1793 praefato
2146 1710 2451 1795 episcopo
2476 1710 2780 1778 Vercellis

207 1825 279 1879 ω
315 1809 738 1888 devenerunt,
771 1808 991 1891 ibique
1020 1807 1410 1874 sanctissimi
1426 1807 1812 1874 confessoris
1833 1808 2078 1874 Aurelii
2106 1814 2370 1893 sumpto
2399 1810 2781 1895 corpusculo

312 1907 550 1974 feretro
582 1907 909 1991 imposito,
938 1925 1177 1990 magno
1204 1906 1621 1990 psallentium
1641 1907 1840 1973 choro
1867 1908 2019 1991 iuga
2055 1908 2325 1992 Alpium
2357 1910 2781 1994 pervolanmt

317 2007 802 2090 laetissimoque
855 2025 1049 2072 cursu
1091 2006 1179 2072 ad
1219 2004 1591 2089 praefatum
1645 2006 1859 2072 locum
1907 2006 2146 2073 finibus
2195 2007 2585 2077 Germaniae
2630 2028 2783 2076 cum

313 2105 559 2189 ingenti
600 2104 840 2189 gaudio
882 2105 1273 2171 detulerunt.
1301 2104 1633 2188 Depositio
1672 2124 1831 2172 vero
1858 2105 2037 2176 beati
2070 2107 2336 2189 Aurelii,
2366 2128 2499 2193 qua
2535 2113 2784 2176 terram

312 2208 529 2272 terrae
590 2203 875 2272 reddidit
931 2204 1363 2289 spiritumque
1434 2204 1727 2271 coetibus
1789 2205 2093 2289 angelicis
2154 2208 2500 2292 copulavit,
2569 2209 2787 2276 evenit

204 2317 282 2371 ee
314 2324 465 2371 xvm
484 2304 611 2371 kal.
637 2304 922 2371 octobris
949 2305 1059 2389 (2).

312 2501 1007 2559 -¹m.L.-⁸voxitL.

806 3031 809 3032 f
905 2983 1062 3071 'xx
1099 3003 1214 3070 nn
1249 3002 1662 3070 PAssmNE
1700 3003 1772 3070 s,
1808 2991 2187 3072 muns

1139 3155 1183 3201 Δ
1221 3155 1508 3202 nnooon
1548 3154 1946 3202 coma,

1298 3315 1798 3387 clumam.

390 3564 529 3620 Cum
561 3564 677 3619 ista
693 3562 885 3619 Passio
917 3561 999 3617 illi
1028 3561 1305 3617 decessori
1334 3565 1526 3617 nostro
1557 3561 1836 3630 incognita
1866 3561 2146 3628 manserit,
2175 3562 2268 3631 qui
2306 3561 2377 3617 de
2407 3561 2462 3618 S.
2487 3562 2708 3619 Niniate
2728 3561 2790 3619 in

332 3665 483 3719 Aah
503 3664 832 3719 sanderum
866 3662 999 3717 olim
1034 3661 1489 3717 commentarium
1529 3660 1699 3716 edidit
1731 3660 1826 3729 (3),
1863 3661 2014 3716 haud
2037 3662 2139 3716 abs
2168 3677 2230 3716 re
2268 3661 2449 3717 visum
2472 3666 2558 3717 est
2584 3661 2791 3732 paucis,

331 3778 599 3831 quaenam
630 3762 724 3816 illa
745 3760 832 3827 sit,
864 3761 1089 3829 aperire.
1112 3760 1232 3815 Hoc
1256 3764 1343 3815 est
1374 3775 1574 3829 nempe
1607 3774 1747 3828 opus
1780 3759 2067 3827 Drossonis,
2097 3760 2320 3815 abbatis
2331 3761 2583 3817 coenobii
2605 3756 2790 3818 Sancti

334 3860 580 3926 Hiniatis,
603 3861 699 3932 qui
727 3861 881 3916 iussu
913 3860 1271 3915 Hildebrandi
1292 3858 1532 3928 episcopi
1561 3859 1863 3914 morentini
1900 3859 2123 3914 ineunte
2146 3847 2289 3914 saec.
2319 3858 2398 3914 XI
2428 3860 2785 3917 vetustiorem

336 3958 648 4016 Passionem
674 3963 890 4016 insulso
906 3962 1214 4028 antiquitus
1237 3976 1479 4014 semem
1498 3966 1798 4013 contextam
1820 3960 2134 4013 retractavit
2170 3974 2286 4024 seu,
2303 3963 2367 4012 ut
2392 3958 2507 4027 ipse
2529 3959 2790 4029 loquitm·‚

336 4059 527 4116 lautius
567 4059 894 4129 composuit.
929 4059 1096 4114 Deest
1125 4058 1348 4128 quidem
1378 4057 1436 4112 in
1451 4057 1735 4123 ‚codicibus
1771 4057 1973 4111 nostris
2010 4056 2307 4123 austriacis,
2337 4058 2480 4113 sicut
2510 4059 2791 4131 ceteroqui

334 4157 385 4213 in
404 4161 514 4215 aliis
541 4165 758 4216 tantum
790 4174 906 4213 non
929 4158 1200 4222 omnibus,
1234 4156 1501 4226 praefatio
1524 4172 1622 4210 seu
1645 4154 1896 4224 epistula,
1918 4172 2062 4224 quae
2095 4156 2362 4211 hactenus
2381 4157 2439 4211 in
2459 4157 2580 4213 solo
2602 4158 2792 4213 codice

343 4257 656 4323 Florentino,
678 4260 843 4314 Laur.
864 4258 933 4313 de
954 4258 1190 4312 Nemore
1223 4258 1302 4320 13,
1334 4272 1478 4311 saec.
1513 4255 1605 4321 Xl,
1625 4260 1843 4324 reperta
1866 4260 1952 4310 est
1978 4256 2067 4324 (4),
2105 4260 2162 4311 et
2181 4272 2291 4325 qua
2312 4257 2550 4312 auctoris
2581 4272 2790 4313 nomen

342 4357 645 4423 edocemur-3
666 4373 861 4413 verum
879 4361 1063 4411 cetera
1083 4356 1279 4411 eadem
1299 4355 1574 4424 utrimque
1594 4359 1736 4410 sunt.

406 4582 469 4645 (l)
502 4583 578 4637 De
599 4583 708 4637 hac
729 4581 1041 4636 narratione
1061 4580 1170 4635 vid.
1193 4580 1593 4644 Humum,
1613 4595 1700 4648 op.
1718 4582 1825 4642 eit..
1847 4594 1899 4647 p.
1930 4579 2025 4633 106
2042 4595 2159 4648 sqq.
2179 4578 2257 4632 Cf.
2277 4578 2441 4633 etiam
2456 4578 2519 4633 G.
2533 4579 2789 4644 Bossm,

342 4659 442 4715 Die
469 4665 862 4731 Voryeschiehte
883 4665 1243 4718 dee‘Kloeters
1260 4662 1556 4726 Hit-echan,
1577 4660 1634 4714 in
1660 4660 1934 4715 Burri-tn
1956 4665 2064 4714 rssn
2087 4661 2650 4715 Wflnrrmtnmsm
2663 4660 2788 4715 Km·

342 4757 794 4812 musmonem-s,
830 4747 984 4811 1889;
1022 4761 1188 4815 quem
1211 4760 1324 4799 non
1347 4744 1475 4798 vidi.
1508 4771 1576 4783 —
1612 4743 1684 4809 (Ξ)
1720 4743 1839 4797 Hac
1859 4743 1951 4797 die
1973 4748 2289 4798 recensetur
2310 4744 2609 4799 memoria:
2634 4746 2788 4798 Alibi

340 4831 511 4881 mnas·
532 4832 750 4885 Aurelii
768 4832 1002 4899 episcopt·
1031 4828 1089 4882 in
1115 4826 1386 4882 breviario
1412 4824 1673 4893 Augiensi
1709 4826 2079 4896 martyrologii
2109 4825 2529 4894 hieronymiani.
2565 4825 2645 4882 ct.
2667 4829 2788 4882 Aet.

342 4906 456 4974 88„
474 4911 598 4968 Nov.
618 4918 657 4967 t.
676 4914 744 4978 11,
769 4915 816 4978 1,
837 4928 889 4981 p.
914 4910 1090 4981 [mih
1128 4910 1277 4980 Sept.
1299 4909 1450 4976 mr,
1483 4925 1536 4978 p.
1563 4909 1674 4964 142.
1692 4936 1764 4950 -
1797 4909 1873 4978 (3)
1895 4908 2014 4965 Oct.
2038 4913 2077 4962 t.
2098 4909 2188 4972 XI,
2210 4924 2262 4977 p.
2281 4909 2487 4964 415-32.
2506 4937 2575 4950 —
2596 4909 2671 4977 (4)
2704 4909 2789 4967 Cf.

343 4988 741 5061 ammon.
772 4996 1159 5062 For-selmana
1178 5011 1286 5048 aar
1307 4995 1512 5049 alterna
1536 4993 1844 5068 Geeehicltu
1866 4991 2104 5047 Flet-ens
2124 4991 2313 5066 (1896),
2334 4992 2492 5061 1³23ss-
