3487 5450
1058 601 1152 652 ιιι
1202 601 1363 655 con.
1414 601 1772 655 vulcano
1824 600 1978 653 38⁸3.
2608 579 2752 652 327

373 800 486 859 18.
534 790 780 857 Eodem
808 794 1108 873 tempore
1143 792 1503 881 monachus
1544 790 1812 875 quidam
1855 790 2078 856 Sancti
2120 790 2500 868 Salvatoris,
2529 809 2758 856 mona-

284 890 462 955 sterii
519 890 816 957 Messane
859 889 1157 964 civitatis,
1221 889 1472 955 fortiter
1516 889 1958 972 apostematis
2013 894 2269 953 tumore
2326 893 2636 971 gravatus
2685 888 2753 952 in

284 993 572 1072 gucture,
602 989 694 1054 ita
719 989 892 1072 quod
923 989 1266 1054 derelictus
1289 992 1461 1054 esset
1489 1008 1531 1054 a
1557 988 1961 1054 medicorum
1983 989 2315 1054 curamine
2344 992 2419 1052 ut
2439 992 2757 1053 mortuus,

284 1088 409 1154 Hic
450 1088 720 1154 audiens
764 1108 1025 1153 servum
1068 1087 1188 1152 Dei
1230 1108 1375 1153 esse
1418 1088 1594 1171 apud
1635 1088 2011 1154 Messanam
2053 1087 2138 1152 ad
2179 1087 2360 1151 illum
2402 1087 2758 1155 monachos

220 1203 252 1251 ο
288 1188 544 1273 [misit]‚
568 1192 638 1252 ut
662 1208 782 1253 sua
802 1188 1013 1270 gratia
1038 1188 1254 1270 ipsum
1284 1188 1375 1253 sic
1404 1188 1470 1252 in
1495 1188 1781 1271 periculo
1805 1188 2231 1253 constitutum
2252 1186 2516 1252 visitare
2537 1187 2764 1269 digna-

283 1292 488 1354 retur.
516 1288 637 1366 Qui
662 1287 993 1352 humiliter
1020 1288 1358 1366 accedenS,
1381 1287 1473 1353 ait
1493 1284 1581 1353 illi
1611 1310 1627 1353 ε
1658 1289 1880 1353 Amice
1905 1294 1963 1351 et
1990 1288 2081 1350 mi
2103 1287 2333 1369 frater,
2367 1285 2523 1371 quid
2549 1286 2640 1350 ad
2666 1305 2765 1350 me

285 1388 570 1451 misisti?
588 1386 928 1472 Numquid
954 1393 1011 1450 et
1037 1407 1143 1472 eqo
1167 1385 1463 1468 infirmus
1489 1393 1543 1451 et
1565 1393 1857 1470 peccator
1883 1406 2025 1450 sum
2045 1385 2077 1448 ‚2
2111 1385 2348 1449 Tamen
2376 1386 2444 1448 in
2477 1385 2757 1449 Domino

285 1506 546 1570 sperare
577 1486 735 1566 licet,
768 1487 949 1549 cuius
978 1487 1243 1569 imperio
1275 1486 1526 1550 sanitas
1551 1492 1737 1571 atque
1777 1484 2126 1567 infirmitas
2159 1483 2468 1553 obediunt.
2497 1484 2581 1549 Et
2608 1503 2760 1549 cum

287 1585 506 1669 ipsum
553 1586 736 1667 signo
779 1585 986 1650 crucis
1028 1585 1367 1667 signasset,
1410 1585 1663 1669 accepit
1704 1584 1998 1660 eiusdem
2037 1585 2318 1649 barbam
2362 1585 2457 1667 (1)
2499 1587 2566 1650 et
2615 1584 2708 1650 ait
2745 1606 2763 1650 ε

190 1697 253 1747 to
297 1683 531 1749 Frater
557 1686 666 1765 mi,
695 1683 934 1767 confide
960 1685 1032 1748 in
1076 1683 1353 1749 Domino
1393 1683 1583 1748 Due-su
1624 1690 1681 1748 et
1719 1685 1855 1752 eius
1896 1685 2092 1748 matri
2135 1682 2385 1768 Virqini
2422 1684 2656 1748 Mario.
2683 1682 2768 1748 Et

288 1784 395 1849 ille
438 1784 529 1849 ait
573 1807 589 1849 ε
649 1782 867 1869 Utique
907 1783 1152 1866 confido
1201 1791 1257 1848 et
1302 1784 1629 1848 sanctitati
1677 1791 1780 1848 tue
1821 1804 1916 1847 me
1954 1783 2386 1848 recommendo
2427 1781 2772 1847 incurabili

290 1883 661 1966 infirmitate
705 1880 1037 1946 detentum.
1067 1883 1231 1950 Cum
1260 1903 1416 1950 vero
1456 1883 1581 1949 hoc
1608 1883 2046 1966 depromeret,
2089 1884 2394 1947 continuo
2424 1886 2769 1965 apostema

287 1981 597 2047 horribile
624 2000 745 2063 per
771 2001 845 2046 os
875 1980 1109 2057 emisit,
1139 1982 1360 2063 sicque
1380 1975 1651 2064 pristine
1679 1981 1947 2046 sanitati
1975 1971 2079 2046 est*
2102 1982 2462 2046 restitutus.

383 2088 500 2146 19.
547 2081 734 2146 Circa
772 2099 979 2145 annos
1021 2080 1280 2145 Domini
1320 2080 1666 2147 MCCLXX
1715 2080 1812 2163 (2)
1860 2080 2093 2146 accidit
2132 2080 2422 2163 Trapani
2462 2080 2766 2146 iuvenem

194 2193 256 2241 ιο
293 2180 628 2264 quandam
673 2179 905 2245 diebus
947 2199 1063 2244 sex
1103 2180 1171 2245 in
1209 2185 1407 2263 partu
1450 2180 1807 2256 laborasse,
1852 2199 2001 2245 cum
2045 2184 2344 2245 creatura
2386 2180 2454 2245 in
2494 2181 2767 2246 matrice

290 2300 485 2345 versa
507 2280 761 2356 fuisset;
786 2280 1008 2363 sicque
1032 2279 1267 2344 medici
1294 2299 1443 2345 eam
1464 2282 1812 2345 sanserunt
1833 2283 1907 2344 ut
1930 2284 2277 2345 mortuam.
2290 2280 2515 2344 Virum
2537 2283 2764 2344 autem

291 2379 408 2444 Dei
440 2379 705 2461 contigit
731 2378 852 2443 illis
882 2378 1112 2444 diebus
1142 2378 1288 2444 illuc
1318 2378 1678 2445 advenisse.
1715 2377 1907 2456 Quod
1935 2390 2082 2443 cum
2114 2379 2520 2460 cognovisset
2548 2378 2763 2461 puelle

293 2483 526 2554 mater,
569 2479 770 2543 nimio
811 2477 1035 2543 dolore
1076 2476 1338 2556 afflicta,
1366 2475 1500 2543 non
1541 2477 1934 2561 desperavit,
1965 2477 2081 2543 sed
2123 2478 2191 2542 in
2219 2477 2468 2542 meritis
2495 2478 2616 2541 viri
2643 2476 2763 2542 Dei

294 2577 579 2643 confidit.
602 2576 784 2641 Abiit
812 2596 965 2659 ergo
994 2576 1081 2641 ad
1108 2575 1287 2641 illum
1316 2576 1811 2659 consanguineis
1839 2577 2079 2641 sotiata
2102 2580 2337 2641 etcum
2373 2576 2460 2642 ad
2483 2577 2519 2616 *
2562 2576 2768 2659 pedes

194 2686 259 2737 ιο
295 2677 432 2743 eius
463 2677 647 2759 lapsa
691 2681 883 2754 esset,
928 2675 1208 2741 lacrimis
1247 2675 1514 2758 irrigata
1551 2675 1858 2741 clamavit
1904 2698 1921 2740 ε
1965 2674 2256 2755 Domine,
2300 2675 2418 2740 heu
2457 2675 2600 2759 filia
2629 2695 2772 2741 mea

288 2783 489 2860 partu
513 2775 802 2857 moritur,
817 2782 875 2839 et
895 2795 1023 2839 non
1037 2783 1129 2839 eat
1145 2775 1255 2860 qui
1269 2776 1645 2839 medicinam
1658 2775 1899 2840 tribuat
1911 2776 2158 2841 salutis.
2175 2775 2331 2840 Veni
2348 2796 2493 2860 eryo
2507 2775 2597 2839 ad
2613 2796 2773 2859 eam,

294 2883 634 2961 antequam
658 2876 1007 2950 moriatur,-
1026 2874 1141 2937 diu
1162 2875 1326 2939 enim
1354 2882 1411 2939 te
1430 2874 1637 2940 videre
1665 2877 1919 2958 cupivit.
1951 2875 2058 2940 Ad
2088 2895 2288 2958 quam
2318 2876 2419 2940 vir
2448 2876 2568 2940 Dei
2597 2898 2615 2940 ε
2658 2874 2777 2940 Ubi

294 2974 563 3039 manes?
599 2974 679 3040 Et
724 2977 1065 3062 assumpto
1105 2993 1331 3057 puero,
1351 2974 1519 3041 illius
1561 2974 1833 3039 domum
1873 2975 2139 3039 intravit
2180 2980 2245 3040 et
2287 2975 2380 3039 ait
2419 2998 2436 3040 ε
2469 2973 2618 3038 Pasc
2642 2973 2775 3038 tibi.

295 3074 412 3139 Illa
435 3092 591 3139 vero
618 3074 775 3139 nihil
804 3074 1159 3157 respondit,
1183 3074 1337 3156 quia
1365 3075 1499 3138 iam
1524 3093 1794 3139 sensum
1816 3074 2127 3140 amiserat
2141 3075 2252 3158 (3).
2276 3075 2519 3140 Servus
2547 3077 2772 3139 autem

194 3182 261 3233 2⁸
296 3173 416 3239 Dei
445 3175 654 3238 affixit
696 3174 969 3256 digitum
999 3173 1096 3238 o'ri
1138 3191 1256 3237 suo
1300 3176 1366 3237 et
1407 3173 1666 3238 vocavit
1708 3192 1859 3237 eam
1898 3174 2163 3238 nomine
2200 3172 2465 3256 proprio
2504 3173 2726 3239 dicens
2757 3195 2776 3238 ε

301 3273 693 3357 Marqam'ta,
717 3272 872 3358 quid
900 3272 1221 3336 doloribus
1248 3271 1582 3357 affliyeris,
1611 3278 1665 3336 et
1693 3271 1853 3335 mihi
1874 3293 1997 3336 non
2029 3273 2349 3358 loqueris?
2371 3272 2615 3338 Emicte
2644 3293 2778 3337 ver-

297 3371 444 3437 bum
472 3379 526 3435 et
563 3379 828 3435 matrem
856 3379 1035 3435 tuam
1062 3371 1402 3435 consolare.
1442 3371 1522 3436 Et
1550 3391 1700 3437 cum
1728 3370 1853 3437 hoc
1881 3372 2169 3450 dixisset,
2199 3373 2508 3455 imposuit
2537 3392 2772 3438 manus

297 3475 650 3555 perunctas
679 3471 822 3536 oleo
860 3473 1090 3536 sancto
1134 3489 1333 3553 super
1374 3470 1512 3536 eius
1552 3474 1881 3547 ventrem;
1921 3472 2142 3555 sicque
2182 3472 2392 3536 oravit
2436 3497 2455 3536 ι
2496 3471 2692 3536 Sanet
2721 3479 2778 3536 te

299 3572 597 3636 dominus
645 3569 873 3634 Ikesus
906 3569 1197 3634 Christus
1225 3570 1467 3634 meritis
1492 3589 1601 3635 sue
1644 3571 2036 3634 sanctissime
2078 3573 2321 3651 matriS,
2358 3579 2429 3635 ut
2457 3570 2776 3645 sicntilla

198 3684 264 3736 3ο
299 3675 369 3736 in
399 3671 759 3755 viryinitate
799 3671 1074 3753 concepit
1114 3677 1169 3733 et
1210 3670 1346 3733 sine
1389 3669 1601 3734 dolore
1630 3667 1895 3753 peperit,
1930 3670 2022 3734 sic
2061 3672 2196 3734 sine
2238 3671 2461 3734 mortis
2501 3671 2778 3754 periculo

298 3772 557 3835 emictaa
609 3768 888 3833 Domino
937 3768 1177 3850 prolem
1224 3768 1421 3832 eidem
1463 3767 1908 3834 dedicandam.
1958 3769 2073 3834 [lla
2128 3789 2282 3834 vero
2343 3770 2430 3834 ad
2453 3812 2462 3823 ·
2487 3769 2610 3835 viri
2654 3769 2776 3837 Dei

300 3870 576 3936 verbum
616 3868 869 3933 concita
892 3868 982 3951 (4)
1008 3871 1342 3933 recreatur
1382 3871 1449 3933 et
1477 3873 1750 3952 accepta
1776 3869 1896 3933 viri
1926 3868 2044 3933 Dei
2083 3889 2306 3948 manu,
2338 3869 2729 3936 exclamavit
2757 3890 2776 3932 t

301 3969 560 4035 Adinva
590 3989 704 4032 me.
734 3967 813 4031 Et
856 3986 1006 4031 cum
1033 3966 1156 4031 hec
1196 3966 1485 4046 dixisset,
1528 3968 1668 4032 sine
1704 3967 1927 4033 dolore
1968 3968 2255 4050 puellam
2293 3969 2548 4051 peperit
2581 3970 2774 4036 valde

301 4069 680 4152 spetiosam,
711 4086 910 4150 quam
937 4066 1362 4149 postmodum
1396 4068 1673 4132 Domino
1710 4068 2132 4145 consecravit,
2157 4071 2221 4131 et
2251 4068 2318 4132 in
2345 4067 2467 4133 Dei
2506 4069 2773 4133 servitio

200 4181 268 4230 ³5
303 4167 588 4233 finaliter
613 4166 894 4249 Spiritus
921 4166 1129 4231 sancti
1157 4166 1367 4248 gratia
1393 4166 1756 4250 permansit
1785 4166 1898 4250 (5).

387 4274 513 4332 20.
559 4267 753 4330 Anno
776 4266 1035 4330 Domini
1063 4263 1466 4330 MCCLXXV
1492 4266 1604 4348 (6),
1633 4284 1785 4331 cum
1812 4265 1913 4330 vir
1952 4264 2070 4330 Dei
2118 4269 2289 4332 esset
2319 4266 2387 4329 in
2413 4265 2553 4330 loco
2583 4266 2777 4345 dieto,

307 4367 575 4451 quidam
606 4370 747 4430 erat
777 4364 1032 4443 Iudeus,
1064 4365 1174 4448 qui
1202 4366 1435 4430 morbo
1464 4364 1812 4448 epilentiali
1835 4365 2054 4448 sepius
2083 4366 2518 4430 detinebatur.
2540 4365 2664 4431 Hic
2691 4365 2779 4431 ad

306 4487 570 4534 servum
600 4465 716 4530 Dei
747 4485 788 4530 a
816 4465 1199 4548 parentibus
1227 4464 1501 4542 ducitur,
1532 4464 1986 4530 liberationem
2016 4465 2152 4530 eius
2191 4465 2519 4529 humiliter
2551 4468 2779 4548 peten-

372 4724 446 4790 (1)
484 4725 647 4777 Dme
655 4739 777 4775 ram
802 4726 849 4780 4.
884 4727 954 4786 5,·
990 4722 1162 4787 letique
1181 4722 1363 4789 ipsius
1383 4721 1643 4788 iatera2;
1680 4737 1802 4774 eum
1841 4723 1995 4789 pauit
1981 4721 2132 4773 nium
2171 4730 2343 4774 mento
2379 4723 2579 4774 sustuli
2573 4724 2605 4774 t
2642 4725 2691 4774 3.
2714 4749 2782 4761 —

309 4806 378 4874 (Ξ)
402 4807 485 4861 Ita
504 4820 726 4874 quoque
764 4808 827 4869 3,·
850 4803 1274 4866 MCCLXXXI,
1313 4807 1376 4865 4,·
1417 4819 1530 4857 om.
1552 4808 1601 4858 5.
1638 4830 1704 4841 -
1728 4803 1802 4868 (3)
1836 4806 2005 4857 Adrin
1985 4820 2079 4857 teet
2063 4812 2150 4857 rat
2176 4803 2295 4855 Vat.
2318 4833 2384 4844 —
2424 4803 2497 4868 (4)
2526 4804 2782 4857 concitus

310 4889 519 4943 VaL—
552 4889 626 4955 (5)
660 4887 757 4954 (Et
793 4888 889 4939 in·
897 4885 1226 4954 permansit)
1266 4900 1380 4938 om.
1420 4889 1520 4939 15.
1559 4911 1625 4924 -
1664 4884 1738 4951 (6)
1773 4883 1856 4937 Ita
1891 4900 2111 4954 quoque
2152 4889 2216 4949 3;
2257 4885 2670 4938 MCCLXXXI
2714 4889 2785 4948 4,·

309 4974 592 5027 millenum
615 4970 977 5025 ducentesimo
1019 4970 1368 5036 nonaqeeimo
1391 4971 1578 5036 quinto
1606 4971 1675 5032 5,
1706 4980 1820 5019 om.
1845 4970 1897 5022 2.

2920 2593 3119 2648 *1:21.
