3487 5450
1173 602 1526 656 APPENDIX
1572 603 1771 656 xvm.
2603 581 2748 657 183

284 794 711 863 medicamine
731 781 951 877 potuit'
971 792 1201 858 curari.
1231 792 1416 858 Tunc
1460 792 1598 858 eius
1633 796 1962 877 parentes,
1993 793 2301 876 quoniam
2330 797 2518 859 erant
2557 794 2746 860 unice

285 912 435 959 eam
485 893 841 977 diligenteS‚
885 893 970 958 ad
1015 892 1345 976 quandam
1389 892 1861 976 parrochialem
1911 893 2241 958 deduxere
2289 893 2623 959 basilicam
2677 893 2748 960 in

280 992 533 1058 honore
562 993 770 1057 sancti
799 991 1103 1059 Iohannis
1134 991 1472 1075 Baptistae
1514 996 1984 1071 consecratam,
2019 997 2094 1056 ut
2121 993 2244 1057 illic
2273 992 2565 1059 eiusdem
2594 993 2752 1077 vigi-

284 1091 524 1157 liarum
553 1095 893 1174 assumpto
922 1091 1158 1156 ieiunio
1185 1090 1649 1174 perpetualiter
1676 1090 2088 1157 observando
2107 1093 2147 1170 ¹,
2177 1092 2496 1175 corporali
2515 1091 2751 1159 deinde

217 1210 245 1257 ο
283 1191 603 1274 potiretur
651 1190 1113 1268 incolumitate,
1164 1190 1320 1273 quin
1376 1194 1442 1255 et
1490 1190 1750 1255 animae
1795 1190 2022 1256 salute.
2067 1190 2211 1255 Hoc
2260 1190 2418 1256 dum
2465 1191 2753 1276 suscepit

282 1309 672 1373 summaque
701 1289 1047 1355 devotione
1078 1289 1447 1372 complevit,
1475 1289 1920 1373 redIntegrata
1940 1291 2240 1368 sanitate,
2261 1290 2483 1372 viguit,
2504 1290 2665 1356 dum
2683 1290 2754 1357 in

281 1389 543 1454 saeculo
573 1390 833 1454 mansit.
862 1390 1099 1453 Verum
1134 1388 1290 1454 dum
1306 1389 1333 1427 ²
1362 1409 1405 1454 a
1433 1389 1567 1453 suis
1610 1389 1976 1454 destinatur
2019 1390 2395 1455 monasticis
2424 1389 2752 1456 deservire

283 1487 744 1565 sanctionibuS,
774 1493 846 1553 ut
875 1488 1075 1552 moris
1105 1492 1205 1553 est
1233 1488 1703 1552 monachorum
1733 1491 1885 1570 post
1913 1489 2402 1554 conversionem
2422 1490 2755 1554 monaste-
2855 1570 2863 1577 ‚

283 1587 515 1653 rialem
544 1606 678 1652 non
698 1587 1034 1652 subiacere
1055 1587 1224 1651 votis
1251 1586 1681 1652 saecularium
1697 1586 1746 1667 ³,
1772 1586 1937 1652 haec
1956 1588 2101 1671 ipsa
2128 1586 2486 1670 magistrali
2511 1606 2755 1671 parens

196 1704 254 1755 ιο
286 1686 556 1752 iussioni
602 1687 782 1770 prius
838 1688 1208 1751 institutum
1249 1676 1515 1769 prorsus
1573 1687 1820 1769 sprevit
1863 1686 2195 1751 ieiunium.
2250 1686 2379 1752 Pro
2435 1707 2565 1770 quo
2605 1706 2759 1753 con-

284 1791 543 1870 temptu
570 1787 695 1852 hoc
738 1790 877 1851 tam
919 1786 1050 1851 acri
1075 1790 1176 1850 est
1223 1785 1463 1850 afflicta
1505 1786 1813 1851 cruciatu.
1857 1784 2185 1870 Corporeo
2214 1786 2573 1869 siquidem⁴
2612 1786 2760 1853 visu

286 1886 605 1951 trustrata
635 1886 802 1950 adeo
826 1889 1046 1951 mente
1077 1889 1177 1950 est
1206 1884 1585 1963 illuminata,
1613 1888 1688 1950 ut
1731 1889 1870 1950 toto
1912 1885 2241 1951 intellectu
2263 1890 2414 1951 actu
2431 1890 2501 1952 et
2527 1885 2762 1951 habitu

286 1985 355 2051 in
409 1985 726 2069 spiritalia
767 1985 900 2050 iam
942 1985 1072 2049 ita⁵
1111 1984 1474 2063 transisset,
1516 1988 1589 2049 ut
1630 2004 1753 2050 nec
1796 1984 2036 2050 situm⁸
2061 1984 2203 2064 loci,
2225 2004 2379 2069 ·quo
2423 1989 2628 2068 esset,
2658 1983 2764 2050 vel

296 2085 531 2168 quihus
559 2083 785 2150 audita
813 2083 1168 2149 rettulisset
1189 2087 1304 2148 aut
1330 2083 1577 2165 proprii
1603 2083 2054 2149 habitudinem
2083 2084 2372 2167 corporis
2399 2083 2486 2149 ad
2513 2102 2762 2150 memo-

202 2196 260 2245 ιδ
289 2185 465 2250 riam
494 2183 789 2249 revocari
815 2186 1072 2266 posset;
1103 2186 1171 2248 et
1199 2202 1578 2266 quanquam
1605 2183 1845 2248 talibus
1865 2183 2120 2248 intenta
2147 2183 2313 2249 foret
2333 2184 2551 2262 rebus,
2570 2202 2764 2267 prae-

294 2283 597 2349 sentibus
628 2283 814 2366 quasi
851 2282 1123 2365 spiritali
1159 2282 1651 2347 conversatione
1692 2301 1915 2347 secum
1950 2283 2488 2348 conversantibus
2512 2281 2765 2349 rettulit

294 2401 604 2465 quaeque
637 2380 891 2446 viderat
921 2400 1039 2446 seu
1080 2380 1399 2457 audierat,
1432 2380 1532 2445 his
1561 2382 1685 2446 sub
1714 2380 1968 2446 silentio
1998 2381 2228 2461 ductiS,
2258 2401 2428 2467 quae
2455 2381 2543 2447 illi
2582 2381 2764 2449 vide-

293 2481 578 2547 bantur⁷
602 2480 902 2546 tacenda.
931 2480 1028 2545 Ex
1054 2479 1159 2544 his
1199 2499 1352 2563 ergo
1383 2499 1551 2563 quae
1579 2479 1666 2545 ad
1692 2480 1898 2545 nostri
1925 2481 2225 2546 notitiam
2247 2484 2401 2546 sunt
2427 2484 2764 2564 perventa,

298 2598 501 2661 quam
523 2576 749 2661 plura⁸
769 2577 1091 2643 habemus
1110 2577 1610 2660 praetereunda,
1629 2596 1713 2643 ne
1733 2577 1992 2644 lectoris
2026 2579 2311 2643 sollertia
2328 2578 2765 2662 parvipendat

205 2689 263 2742 20
297 2677 635 2762 superflua
662 2681 777 2743 aut
807 2676 1153 2761 quisquam
1174 2679 1471 2742 autumet
1493 2676 1692 2752 irrita,
1716 2697 1886 2761 quae
1905 2677 2198 2744 veritatis
2220 2677 2591 2761 testimonio
2611 2680 2765 2744 sunt

298 2778 511 2861 plena,
543 2796 714 2860 quae
741 2780 808 2842 et
833 2777 1090 2859 potiora
1115 2777 1443 2842 habentur
1471 2796 1670 2859 quam
1694 2777 1915 2860 lingua
1956 2778 2365 2843 enumerari⁹
2390 2783 2507 2843 aut
2544 2771 2764 2845 littera

297 2877 549 2960 possint
569 2875 1033 2959 comprehendi
1045 2876 1114 2940 ¹⁰.

376 2985 444 3042 ’7.
469 2976 591 3040 His
621 2975 847 3058 itaque
871 2975 1044 3052 viriS,
1069 2994 1232 3057 quos
1254 2974 1780 3057 praelibavimm,
1802 2977 2272 3062 praescriptam
2295 2995 2561 3059 aegram
2582 2994 2766 3042 aoce-

299 3074 626 3150 dentibus,
656 3078 844 3140 tanta
873 3093 1021 3140 eam
1046 3075 1067 3112 ¹
1096 3074 1333 3139 invasit
1376 3074 1709 3140 concussio
1753 3076 2074 3153 tremoris,
2115 3080 2189 3140 ut
2218 3075 2593 3141 crederetur
2617 3074 2768 3141 inti-

209 3189 268 3244 25
299 3194 482 3240 mum
513 3173 758 3239 telluris
799 3173 1067 3239 moveri.
1088 3172 1234 3251 Quo
1277 3176 1559 3238 tremore
1603 3179 1922 3251 cessante,
1966 3175 2290 3240 iniunctus
2334 3178 2434 3239 est
2474 3174 2564 3240 illi
2603 3174 2766 3240 ordo

295 3275 736 3359 paenitentiae
756 3273 1187 3338 ecclesiastico
1210 3292 1410 3352 more,
1426 3292 1468 3338 a
1492 3274 1689 3339 beato
1715 3273 1956 3339 scilicet
1976 3274 2291 3352 Iohanne;
2307 3274 2417 3356 qui
2439 3278 2506 3339 et
2527 3274 2620 3340 sic
2639 3274 2765 3340 ait:

302 3375 489 3455 Quia,
519 3380 591 3437 ut
634 3375 818 3453 nosti,
839 3374 948 3458 qui
974 3372 1089 3436 hoc
1119 3372 1543 3455 paenitenHae
1563 3373 1820 3456 pondus
1862 3372 2142 3453 subeunt,
2175 3374 2254 3437 ab
2274 3375 2560 3459 inpressu
2589 3373 2770 3439 eccle-

294 3476 424 3539 siae
450 3494 516 3538 se
537 3471 928 3557 suspendunt
957 3478 1013 3536 et
1033 3472 1417 3555 elemosynas
1445 3471 1521 3535 de
1537 3471 1953 3554 facultatibus
1990 3471 2397 3554 distribuunt,
2425 3473 2539 3536 sub
2565 3493 2766 3537 vnanu

294 3574 650 3638 clementiae
670 3574 914 3636 remitto
942 3579 996 3635 et
1019 3571 1203 3635 aliud
1226 3571 1689 3655 inietnqo‚quocl
1716 3572 2046 3636 sollicitius
2067 3572 2324 3655 implere
2344 3571 2572 3636 iubebo.
2589 3572 2767 3638 Inter
2883 3559 2890 3568 ’

209 3686 264 3741 30
294 3673 455 3739 haec
477 3672 685 3738 verba
726 3690 1006 3754 puerum
1064 3671 1274 3736 forma
1303 3671 1570 3735 terribili
1614 3671 1921 3737 assistere
1955 3671 2115 3737 vidit
2157 3671 2366 3751 lateri,
2395 3672 2766 3755 cupientem

301 3771 983 3838 transformationibus
1011 3770 1378 3834 illusionum
1406 3769 1721 3853 impedire
1750 3772 2172 3848 intentionem
2215 3771 2536 3836 visionum
2550 3771 2596 3834 ².
2623 3770 2770 3836 Hoc

297 3873 459 3938 dum
501 3870 960 3954 praesentibus
1009 3868 1317 3934 zelando³
1362 3869 1748 3948 nuntiasset,
1797 3890 1972 3953 aqua
2025 3871 2371 3937 benedicta
2425 3869 2768 3936 confestim

301 3973 660 4056 apportata
681 3988 759 4034 ac
779 3970 880 4034 bis
909 3972 1137 4052 terque
1164 3969 1454 4052 undique
1481 3988 1801 4051 respersa,
1845 3971 2107 4035 evanuit
2134 3971 2337 4053 pestis
2363 3969 2624 4034 infamis
2649 3972 2768 4036 ut⁴

309 4071 526 4136 fumus
556 4070 789 4135 inanis.
830 4068 1013 4134 Tunc
1040 4073 1303 4134 sanctus
1336 4068 1644 4152 Baptista
1671 4067 1920 4134 addidit
1949 4070 2115 4134 ista:
2175 4069 2555 4152 Viqiliarum
2597 4089 2768 4133 mea-

212 4178 269 4232 35
302 4190 449 4231 rum
477 4168 809 4248 ieiunium,
827 4186 947 4249 pro
974 4169 1154 4229 cuius
1180 4172 1528 4249 contemptu
1550 4165 1679 4230 Iam
1705 4166 2017 4230 incideras
2039 4165 2360 4247 iudicium,
2377 4165 2601 4230 abhinc
2617 4185 2769 4250 por-

302 4277 483 4351 petuo
506 4265 965 4330 observandum
994 4266 1275 4347 institue,
1299 4266 1671 4350 insuperque
1711 4265 1881 4329 a'nno
1925 4268 2190 4329 instanti
2230 4287 2271 4330 a
2315 4265 2417 4330 die
2449 4265 2772 4350 praesenti

311 4388 500 4453 usque
529 4369 595 4429 in
619 4367 1039 4429 ascensivnem
1070 4363 1337 4428 Domini
1364 4365 1636 4429 secunda
1664 4372 1720 4428 et
1766 4373 1993 4449 quarta
2031 4366 2202 4448 feria
2229 4386 2422 4450 usque
2450 4367 2515 4428 in
2542 4364 2768 4429 kora'm

306 4487 538 4530 nonam
562 4465 843 4530 orationi
870 4461 1150 4527 incumbe
1171 4470 1226 4528 et
1249 4464 1500 4544 ieiunia,
1524 4484 1650 4527 uno
1678 4471 1926 4529 tantu-m
1954 4472 2238 4528 contenta
2259 4464 2483 4546 edulio,
2504 4466 2574 4527 in
2595 4471 2771 4528 sexta

372 4650 429 4702 6.
454 4675 517 4687 -
558 4649 579 4683 ¹
612 4647 884 4700 servando
908 4646 972 4699 L.
995 4674 1064 4685 —
1095 4646 1120 4680 ²
1141 4645 1223 4712 (V.
1248 4646 1322 4713 d.)
1349 4648 1491 4700 Dum
1516 4662 1649 4700 vero
1673 4648 1742 4701 L.
1763 4675 1833 4686 —
1857 4647 1885 4682 ⁸
1905 4646 2256 4701 ecclesiarum
2291 4648 2341 4700 L
2375 4655 2500 4700 ante
2538 4662 2680 4700 corr.
2698 4672 2770 4686 —

310 4729 335 4762 ⁴
354 4729 572 4797 quidem
600 4730 646 4782 L
669 4738 793 4783 ante
814 4746 957 4783 corr.
980 4755 1045 4767 —
1061 4728 1084 4762 ⁸
1106 4746 1209 4784 om.
1231 4730 1306 4783 Η.
1322 4756 1391 4769 -
1413 4729 1436 4763 ⁸
1462 4729 1566 4783 situ
1593 4730 1665 4782 Η.
1689 4757 1757 4768 -
1780 4729 1803 4762 “·’
1825 4730 2155 4783 iubebantur
2178 4730 2248 4782 M
2260 4737 2381 4797 post
2402 4746 2546 4783 corr.
2569 4755 2630 4766 -
2650 4727 2676 4762 ⁸
2692 4727 2769 4796 (q.

311 4811 382 4877 p.)
398 4812 683 4881 complura
700 4811 771 4865 H.
787 4839 854 4849 —
871 4812 895 4846 ⁹
913 4810 1178 4864 enuntiari
1203 4812 1274 4865 H.
1298 4839 1362 4850 -
1381 4812 1429 4846 ¹⁰
1449 4814 1519 4879 (p.
1539 4815 1612 4876 c.)
1641 4827 1686 4865 c.
1704 4811 1880 4880 possit
1894 4813 1962 4866 L.

377 4895 434 4949 7.
452 4922 522 4934 -
544 4896 564 4929 ¹
589 4893 741 4949 enim
766 4895 827 4947 ,11
846 4902 971 4947 aute
992 4910 1135 4948 corr.
1156 4921 1224 4932 —
1246 4893 1270 4927 ²
1293 4893 1597 4948 iussionum
1620 4894 1689 4948 L.
1711 4925 1772 4936 -
1799 4895 1823 4928 ⁸
1845 4895 2158 4949 anhelando
2197 4895 2256 4948 ΙΙ
2279 4902 2399 4962 post
2414 4910 2558 4947 corr.
2577 4920 2638 4932 -
2663 4891 2690 4927 ⁴
2710 4895 2772 4947 et

318 4976 373 5028 fl
389 4986 510 5031 ante
529 4994 674 5031 corr.
