3487 5450
1319 615 1671 674 urznmx
1719 616 1815 669 v1.
2661 600 2802 673 155

738 929 982 987 Sermo
1002 924 1024 961 ¹
1064 928 1142 987 ln
1183 928 1684 1001 purificatione
1721 932 2022 990 sanctae
2063 926 2406 990 Mariae&

426 1120 802 1187 Purificatio
822 1122 851 1161 ⁸
892 1126 1160 1188 sanctae
1187 1121 1451 1200 Mariae,
1495 1123 1758 1205 quando.
1785 1142 1932 1187 cum
1974 1124 2222 1189 infante
2250 1125 2396 1189 Iesu
2420 1144 2806 1205 repraesen-

340 1225 485 1287 tata
513 1225 614 1286 est
643 1222 710 1286 in
731 1222 996 1304 templo.

430 1320 867 1404 Temporibus
895 1321 1072 1386 beati
1100 1320 1404 1385 Bonifatii
1431 1339 1665 1406 papae,
1697 1320 1828 1404 qui,
1858 1325 1930 1385 ut
1959 1322 2025 1385 in
2054 1322 2498 1387 ecclesiasticis
2526 1322 2808 1388 historiis

263 1439 298 1487 ε
345 1419 599 1503 legitur,
643 1440 685 1485 a
713 1420 885 1486 Foca
911 1420 1308 1511 imperatore
1338 1420 1589 1485 eximiis
1626 1421 1906 1486 obtinuit
1933 1422 2253 1504 precibus,
2297 1422 2603 1505 quatinus
2644 1426 2811 1487 tem-

347 1519 530 1603 plum
561 1519 845 1598 Romuli,
888 1520 1065 1602 quod
1092 1520 1179 1585 ab
1221 1519 1506 1602 antiquis
1533 1519 1986 1585 Romanorum
2027 1541 2260 1604 graeco
2296 1521 2614 1587 vocabulo
2641 1521 2813 1586 Pan-

348 1618 553 1685 theon
606 1619 968 1684 vocabatur
983 1620 1029 1697 ⁴,
1086 1620 1356 1684 sanctae
1401 1618 1559 1684 Dei⁵
1613 1619 1923 1685 ecclesiae
1952 1621 2139 1703 quasi
2168 1620 2255 1685 ad
2282 1621 2807 1704 supplementum

350 1717 677 1801 religionis
700 1719 971 1783 adderet
1001 1722 1068 1784 et
1087 1718 1155 1782 in
1174 1719 1423 1783 honore
1443 1718 1680 1783 beatae
1700 1738 1965 1801 semper
1984 1719 2245 1801 virginis
2266 1720 2509 1785 Mariae
2531 1739 2608 1785 ac
2621 1720 2814 1784 simul

349 1818 647 1883 omnium
673 1821 1048 1883 sanctorum
1093 1817 1456 1883 dedicando
1499 1821 1928 1897 consecraret,
1972 1818 2146 1883 facta
2187 1823 2287 1883 est
2315 1819 2381 1883 in
2408 1820 2570 1884 urbe
2599 1818 2813 1883 Roma

231 1932 304 1982 ιο
346 1916 518 1983 inter
571 1916 847 1982 Iudaeos
903 1921 1103 2000 atque
1161 1916 1511 1981 catholicos
1551 1916 1784 1982 seditio
1844 1936 1976 1982 non
2024 1917 2299 1982 modica.
2335 1918 2817 2001 Impugnabant

347 2016 594 2099 quippe
614 2016 854 2082 inimici
865 2016 1088 2082 Iudaei
1108 2018 1250 2081 toto
1262 2016 1572 2081 vesaniae
1589 2015 1845 2098 impetu
1864 2015 2064 2080 fidem
2084 2016 2544 2082 incarnationis
2559 2017 2817 2093 Christi,

350 2120 724 2180 asserentes
751 2115 1027 2181 Mariam
1055 2114 1371 2198 virginem
1400 2115 1484 2181 de
1510 2114 1761 2180 semine
1803 2114 2056 2198 Ioseph,
2087 2117 2189 2181 cui
2229 2116 2629 2199 desponsata
2656 2121 2834 2194 erat„
2938 2175 2946 2180 .

343 2233 484 2279 non
503 2214 587 2279 de
609 2214 859 2298 Spiritu
871 2215 899 2252 ⁸
923 2215 1297 2297 concepisse
1316 2234 1395 2280 ac
1413 2234 1763 2298 generasse
1778 2214 1824 2293 ⁷,
1843 2214 2194 2280 adicientes
2213 2215 2397 2280 iuxta
2421 2215 2813 2281 Graecorum

345 2311 809 2397 impiissimam
835 2302 1162 2379 haeresim
1208 2314 1600 2379 omnimodis
1629 2313 2029 2397 impossibile
2070 2313 2208 2378 fore
2247 2314 2563 2397 virginem
2591 2319 2819 2380 contra

239 2426 307 2474 ⁴5
353 2416 665 2478 naturam
693 2432 927 2496 parere
946 2432 1163 2495 posse.
1193 2410 1489 2496 Cumque
1518 2413 1760 2478 diutius
1788 2413 1965 2496 apud
1986 2432 2328 2479 romanam
2356 2415 2628 2479 urbem⁸
2655 2415 2819 2479 haec

347 2512 691 2578 altercatio
728 2512 1085 2578 haberetur
1129 2516 1197 2577 et
1236 2512 1372 2578 iam
1398 2512 1732 2578 christiani
1761 2512 2234 2580 ferventissimo
2276 2514 2631 2581 catholicae
2667 2514 2816 2579 fidei

343 2611 487 2677 zelo
513 2612 823 2694 profanos
844 2611 1218 2690 IudanS,ni
1232 2612 1263 2650 ⁹
1284 2612 1463 2677 ocius
1476 2613 1503 2651 ⁸
1521 2606 1980 2695 recipiscerent
2007 2616 2072 2677 et
2094 2613 2181 2678 ad
2202 2613 2513 2696 baptismi
2541 2615 2820 2697 gratiam

349 2711 792 2789 convolarent,
814 2711 865 2751 ¹⁰
887 2710 1253 2795 propellere
1280 2710 1539 2788 vellent,
1561 2714 1705 2777 erat
1731 2711 1907 2777 enim
1926 2713 1976 2751 ¹¹
1999 2712 2267 2796 quidam
2296 2712 2589 2796 eiusdem
2610 2733 2827 2779 roma·

351 2830 485 2877 nae
511 2811 690 2877 urbis
720 2810 876 2877 civis
904 2829 1137 2877 caecus
1177 2814 1393 2891 natm,
1437 2811 1557 2876 sed
1588 2815 1815 2878 tamen
1853 2812 2219 2878 christianis
2251 2807 2486 2877 'litteris
2527 2814 2824 2897 adprime

242 2919 314 2970 ω
355 2909 669 2976 imbutus.
725 2909 1217 2993 Frequentabat
1265 2909 1439 2976 enim
1487 2930 1622 2976 non
1663 2911 1876 2976 solum
1916 2911 2313 2989 Latinorum,
2356 2931 2582 2977 verum
2618 2913 2825 2977 ⁴etiam

358 3009 761 3075 Graecorum
789 3009 1047 3075 scholas
1096 3012 1165 3074 et
1211 3028 1640 3093 quaecunque
1668 3010 1760 3073 ibi
1786 3009 2156 3092 intellegere
2183 3011 2415 3093 potuit,
2445 3011 2617 3077 altae
2644 3005 2822 3076 com-

352 3109 716 3174 mendabat
735 3109 786 3148 ¹²
813 3109 1192 3175 memoriae.
1221 3108 1282 3173 Is
1310 3128 1598 3192 namque
1625 3108 1913 3192 quadam
1942 3109 2048 3173 die
2077 3109 2309 3174 eodem
2339 3110 2825 3175 christianitatis

355 3208 613 3275 fervore
639 3227 1008 3286 succensus,
1037 3208 1241 3273 verbo
1267 3208 1562 3273 veritatis
1581 3207 2015 3285 conflicturuS,
2045 3228 2385 3295 aggressus
2409 3213 2507 3273 est
2527 3208 2824 3284 Iudaeos,

332 3312 427 3389 ‚et
468 3311 658 3373 tanta
685 3307 826 3374 illos
874 3306 1244 3373 constantia
1297 3307 1645 3390 redarguit,
1674 3313 1749 3372 ut
1777 3326 1987 3391 paene
2016 3326 2244 3372 omnes
2286 3308 2730 3373 invenirentur
2755 3309 2823 3387 ¹³,

240 3422 314 3473 υ
351 3410 432 3472 nt
460 3405 656 3471 falsos
684 3410 890 3472 testes
912 3407 1148 3485 decuit,
1171 3406 1481 3489 elingues·
1500 3407 1608 3471 Ad
1627 3405 1931 3471 ultimum
1953 3426 2107 3471 vero
2128 3406 2350 3471 Iudaei
2371 3407 2459 3472 ad
2486 3409 2730 3489 probra
2758 3411 2825 3472 et

354 3506 650 3572 convicia
704 3506 1000 3574 conversi
1056 3505 1531 3571 stomachando
1584 3505 1776 3571 valde
1836 3510 2188 3588 coeperunt
2243 3505 2689 3589 improperare
2744 3506 2822 3583 ei,

351 3604 648 3670 dicentes
672 3628 689 3671 :
721 3604 821 3669 Tu
851 3625 994 3669 eum
1022 3607 1113 3669 sis
1138 3604 1323 3668 homo
1336 3612 1624 3687 peccator
1642 3612 1698 3669 et
1719 3606 1788 3668 in
1805 3608 2074 3689 peccatis
2093 3611 2257 3668 totus
2279 3611 2492 3685 natus,
2520 3606 2823 3689 quomodo

353 3723 563 3768 ausus
601 3724 679 3788 ea·
698 3704 890 3788 fidem
947 3702 1444 3769 christianorum
1497 3703 1726 3789 absque
1780 3704 2004 3767 litteris
2059 3704 2383 3785 defendere
2453 3710 2509 3767 et
2563 3724 2677 3769 nos
2736 3704 2825 3767 ad

345 3823 646 3887 pstquam
675 3802 1017 3868 lacessere?
1045 3802 1271 3867 Nonne
1293 3802 1532 3888 liquido
1551 3809 1726 3887 patet
1761 3802 2046 3867 Chistum
2075 3809 2253 3866 tuum
2283 3802 2439 3866 adeo
2466 3803 2757 3885 impotem
2776 3803 2827 3841 ¹⁴

238 3923 307 3974 3ο
350 3903 669 3980 asiam,
697 3909 768 3967 ut
807 3922 936 3966 non
981 3903 1179 3986 possit
1220 3903 1411 3966 etiam
1433 3902 1760 3965 ¹⁵·lumina
1801 3901 2201 3983 reformare?
2222 3902 2329 3966 Ad
2356 3902 2520 3967 haec
2548 3920 2778 3966 caecus
2807 3898 2852 3964 :⁴

351 4000 753 4084 Exspectate,
764 4001 998 4084 inquit,
1027 4001 1263 4081 tridua,
1280 4007 1337 4065 et
1363 4000 1644 4066 videbitis
1672 4002 1740 4064 iu
1770 4021 1869 4065 me
1894 4001 2222 4085 unaqualia
2241 4001 2292 4039 ¹⁸
2304 4000 2430 4065 Dei
2457 4002 2577 4063 mei
2587 4000 2657 4062 ¹⁷.
2670 3999 2828 4065 Erat

352 4103 592 4168 autem
619 4105 771 4168 ante
799 4101 1088 4166 triduum
1109 4099 1525 4167 venerandae
1544 4100 1994 4166 sollemnitatis
2012 4100 2063 4139 ¹⁸
2076 4099 2542 4183 purificationis
2562 4103 2828 4164 sanctae
2854 4145 2857 4146 ν

351 4199 631 4279 Mariae,
660 4220 863 4284 quam
882 4200 1100 4284 graeci
1128 4199 1519 4284 Ypapanti¹⁹
1544 4203 1802 4279 vocant,
1832 4219 2003 4282 quae
2028 4204 2129 4265 est
2155 4218 2241 4263 nn
2266 4218 2475 4264 nonas
2503 4198 2828 4277 februarii,

350 4304 429 4366 et
466 4317 727 4365 necesse
767 4303 914 4365 erat
951 4303 1028 4364 ut
1075 4300 1310 4366 eadem
1350 4298 1602 4364 sacra⁸⁰
1643 4298 1792 4364 die¹⁵
1832 4302 2065 4364 sancta
2090 4298 2408 4363 festivitas
2433 4298 2614 4381 apud
2637 4317 2833 4380 prae-

429 4483 458 4516 ¹
493 4496 588 4534 om.
619 4483 694 4537 Π.
735 4512 798 4522 -
839 4480 1105 4555 ’virginis
1136 4483 1266 4536 add.
1306 4481 1467 4547 Ma&
1498 4481 1570 4545 (S.
1612 4480 1762 4549 inp.
1793 4497 1838 4535 s.
1870 4479 1961 4545 1.)
2000 4480 2081 4534 De
2112 4496 2279 4535 caeco
2311 4480 2619 4534 illuminato
2659 4480 2727 4533 A.
2764 4507 2833 4518 —

349 4566 380 4600 ⁸
404 4562 997 4632 (Pmifioetio-templo)
1035 4581 1138 4618 om.
1177 4564 1246 4617 B.
1284 4591 1349 4604 -
1383 4564 1411 4598 ⁴
1432 4567 1663 4619 vocatur
1681 4565 1751 4617 B.
1777 4591 1840 4601 —
1879 4564 1904 4598 ⁸
1925 4581 2027 4618 om.
2051 4564 2118 4617 Β.
2152 4592 2219 4602 -
2254 4563 2279 4597 ⁶
2302 4567 2494 4617 sancto
2518 4563 2643 4615 add.
2666 4562 2833 4625 ML,-

348 4648 566 4703 nancto
584 4645 859 4701 Christum
893 4647 1021 4703 add.
1043 4646 1194 4699 3.-
1216 4646 1239 4679 ⁷
1262 4661 1491 4713 genaaee
1519 4645 1578 4699 1..
1605 4678 1664 4688 —
1689 4646 1715 4680 ⁸
1737 4647 1801 4710 (r.
1823 4647 1900 4712 u.)
1933 4662 1988 4699 u.
2023 4645 2260 4699 Romam
2295 4646 2363 4699 B.
2387 4674 2450 4683 —
2474 4645 2498 4679 ⁹
2519 4648 2583 4698 ut
2618 4645 2687 4697 H
2711 4662 2831 4712 sup.

346 4746 567 4785 ναι-
582 4729 626 4762 ¹⁰
646 4745 714 4783 ex
738 4719 877 4783 urbe
899 4730 1027 4782 add.
1054 4729 1195 4782 R.—
1213 4729 1258 4763 ¹¹
1282 4747 1385 4782 om.
1408 4729 1674 4797 B;paaene
1693 4745 1916 4782 eranum
1936 4732 1992 4782 in
2021 4729 2094 4780 M.
2109 4755 2168 4767 -
2197 4728 2243 4761 ¹²
2266 4726 2673 4781 commendavit
2692 4728 2833 4781 R.—

351 4814 409 4851 ¹⁸
426 4812 492 4880 (ἰ.
512 4814 574 4863 nt
587 4811 620 4864 ἰ.
636 4816 673 4865 t.
689 4813 742 4866 d.
758 4814 828 4877 e.)
844 4812 879 4867 i.
896 4811 1018 4866 salsi
1034 4815 1200 4866 testes
1216 4816 1275 4865 et
1296 4812 1484 4865 docuit
1498 4828 1547 4865 e.
1563 4813 1704 4865 12—
1720 4813 1770 4845 ¹⁴
1784 4811 2146 4879 impotentem
2167 4812 2312 4864 MR.
2334 4841 2400 4851 -
2426 4811 2472 4844 ¹⁵
2497 4810 2594 4863 tibi
2618 4811 2742 4863 add.
2765 4810 2833 4862 Β.

346 4926 422 4938 --
451 4893 509 4930 ¹⁸
538 4891 723 4948 Christi
758 4897 885 4948 add.
919 4895 985 4948 B.
1023 4922 1087 4932 —
1123 4892 1171 4928 ¹⁷
1190 4893 1366 4948 nostri
1399 4895 1466 4948 L.
1497 4921 1567 4933 -
1609 4893 1656 4929 ¹⁸
1679 4896 1751 4958 (v.
1790 4901 1856 4958 s.)
1899 4893 2209 4947 veneranda
2248 4892 2624 4960 sollempnitas
2665 4894 2732 4948 R.
2766 4919 2837 4933 -

349 4979 406 5016 ¹⁸
429 4976 761 5043 Hypapnnte
783 4979 851 5030 Β.
873 5008 944 5018 -
963 4976 1015 5011 ⁸⁰
1035 4991 1198 5031 sacro
1221 4978 1523 5045 Ηλωωη
1543 4993 1644 5031 om.
1667 4978 1734 5030 R.
