3487 5450
1308 560 1662 635 APPBNDIX
1710 582 1782 634 v.
2632 564 2767 663 139
2799 536 2806 542 ’

308 775 373 839 in
405 773 672 838 nomine
719 772 864 839 Iesu
909 771 1149 838 Christi
1191 772 1597 856 imperavit¹,
1639 777 1714 838 ut
1757 774 2085 857 quaedam
2134 774 2409 857 tuguria,
2436 795 2606 858 quae
2642 776 2772 841 situ

303 872 608 956 neglecta
639 877 703 938 et
731 873 991 956 penitus
1014 872 1425 956 discooperta
1455 874 1518 938 in
1544 892 1698 955 agro
1722 875 2072 957 segetumss,
2106 874 2287 938 iuxta
2317 875 2521 957 quas⁹
2545 894 2770 940 mane·

194 992 197 995 ·
305 974 444 1049 bat,
478 973 863 1055 quantocius
885 972 1223 1038 intrarent.
1256 972 1361 1037 Ad
1388 992 1558 1055 quae
1586 974 1859 1056 imperia
1887 974 2205 1038 sermonis
2232 975 2403 1038 servi
2426 974 2541 1038 Dei
2562 974 2775 1040 diver-

304 1092 418 1137 sae
461 1073 634 1138 aeris
688 1073 981 1136 volucres
1033 1072 1388 1137 indomitae
1419 1072 1801 1138 advolantes
1830 1074 2008 1138 haud
2035 1092 2222 1138 secus
2252 1092 2450 1155 quam
2464 1074 2513 1112 ¹⁰
2541 1074 2775 1157 agnelli

255 1192 279 1236 a
313 1173 398 1238 ad
420 1173 708 1256 pastoris
729 1190 956 1236 vocem
978 1171 1252 1237 stabulis
1283 1173 1775 1256 congregantur,
1805 1173 2061 1255 tuguria
2080 1173 2379 1256 superius
2405 1177 2774 1239 memorata

304 1276 539 1355 sponte
567 1272 993 1349 intraverunt,
1012 1284 1090 1336 ac
1111 1271 1355 1336 ibidem
1383 1292 1425 1337 a
1452 1292 1648 1337 mane
1676 1290 1886 1355 usque
1914 1274 2001 1336 ad
2029 1292 2379 1356 vesperam
2407 1274 2548 1338 sine
2585 1273 2771 1339 obice

305 1375 368 1436 et
400 1372 582 1436 omni
624 1370 945 1447 clausura,
985 1375 1325 1454 tamquam
1355 1372 1590 1437 clausis
1632 1372 2019 1451 carceribuS,
2048 1377 2569 1454 permanserunt.

389 1478 458 1537 3.
503 1470 808 1554 Dumque
851 1471 1088 1535 iterum
1139 1475 1342 1554 atque
1371 1472 1608 1536 iterum
1646 1491 1804 1536 aves
1833 1471 1995 1536 caeli
2024 1472 2495 1536 diversissimas
2523 1472 2775 1555 potenti

307 1572 635 1636 sermonis
688 1570 929 1634 virtute
985 1570 1220 1635 beatus
1277 1570 1676 1636 Mochulleus
1729 1570 2114 1649 inclusisset,
2179 1572 2468 1654 dumque
2523 1576 2776 1638 ceteras

227 1692 277 1744 ια
307 1671 640 1754 signorum
663 1669 936 1736 virtutes
965 1670 1386 1735 innumeras¹
1415 1669 1795 1753 primaevae
1821 1671 2057 1735 aetatis
2087 1671 2491 1753 temporibus
2518 1671 2777 1753 egisset,

308 1770 500 1835 tunc²
528 1774 797 1835 sanctus
825 1774 1015 1853 pater
1050 1769 1328 1834 Albinus
1358 1789 1579 1834 coram
1610 1770 1918 1835 universa
1958 1764 2370 1834 multitudine
2406 1770 2728 1835 fratrum
2709 1790 2778 1835 111

314 1869 409 1934 bis
441 1869 661 1934 verbis
681 1888 959 1952 puerum
990 1868 1304 1934 allocutus
1333 1874 1458 1939 est,
1491 1868 1751 1934 dicens:
1782 1868 1854 1950 0,
1876 1868 2103 1951 inquit,
2133 1870 2224 1932 mi
2245 1868 2363 1950 fili,
2384 1869 2780 1954 quandoqui-

311 1969 444 2033 dem
478 1970 682 2053 siquis
701 1975 758 2033 et
787 1967 1185 2032 mirabilibus
1204 1967 1319 2032 tibi
1351 1967 1676 2032 Christus³
1697 1968 1935 2047 illuxit,
1962 1965 2466 2053 quandoquidem
2493 1969 2780 2033 internae

312 2067 606 2130 caritatis
640 2068 1082 2149 praematuris
1125 2064 1441 2129 sensibus⁴
1483 2072 1742 2129 mentem
1785 2071 1963 2129 tuam
2014 2063 2404 2147 clarificavit,
2447 2067 2578 2129 iam
2619 2065 2782 2131 hora
2885 2127 2888 2130 .

233 2186 284 2235 ιι
317 2166 530 2246 instat,
561 2166 858 2250 iamque⁵
885 2164 1173 2249 tempus⁸
1193 2164 1401 2227 uuuc'¹
1422 2171 1529 2245 est,
1549 2165 1712 2249 quo⁸
1730 2164 2055 2248 sinyulare
2074 2165 2263 2229 eremi
2283 2170 2588 2228 certamen
2610 2157 2783 2228 solus
2844 2216 2853 2224 .

314 2264 536 2344 subire,
566 2264 882 2328 adiutrice
915 2264 1240 2328 Creatoris
1279 2264 1495 2347 qratia
1538 2270 1710 2348 teque
1749 2251 2055 2339 ducente⁹,
2081 2285 2316 2328 curans
2331 2265 2382 2302 ¹⁰
2422 2265 2491 2327 iu
2519 2263 2784 2328 teucer-is

311 2365 735 2446 iqnorantiam
769 2364 820 2403 ¹¹
878 2362 1339 2426 ambulantium
1391 2361 1641 2427 Christo
1699 2363 2072 2446 lucrifacere
2112 2363 2484 2427 maturabis.
2540 2361 2666 2427 Sed
2703 2383 2782 2427 ne

311 2465 676 2528 intrinsecae
713 2464 1109 2528 revelationis
1149 2462 1611 2526 miraculorum
1653 2463 1992 2527 multitudo
2041 2462 2401 2528 adversarii
2446 2462 2782 2528 invisibilis

309 2563 536 2644 fraude
558 2564 847 2648 antiqua,
859 2569 926 2627 ut
946 2552 1218 2627 eremitis
1229 2563 1589 2646 plurimum
1606 2560 1753 2644 fieri
1773 2563 1940 2644 solet,
1953 2565 2047 2626 tui
2074 2569 2334 2629 mentem
2358 2563 2422 2624 in
2450 2562 2777 2627 elationem

232 2677 287 2733 ιο
317 2663 498 2744 elevet,
530 2671 587 2727 et
627 2683 705 2727 ne
731 2663 1050 2725 humanae
1076 2661 1463 2727 calamitatis
1505 2668 1689 2747 atque
1732 2663 2025 2727 miseriae
2053 2664 2379 2725 immemor
2401 2681 2532 2725 esse
2548 2664 2779 2747 possis,

319 2765 514 2827 virum
536 2762 1057 2848 elephantiacum,
1073 2782 1252 2847 quem
1272 2762 1322 2800 ¹2
1347 2763 1412 2824 in
1445 2760 1693 2827 Christo
1712 2782 1791 2825 ac
1799 2769 2063 2846 propter
2087 2761 2405 2826 Christum
2418 2779 2778 2845 procuran-

319 2861 462 2925 dum
503 2862 909 2945 suscepimus,
935 2863 1184 2925 itineris
1215 2860 1327 2924 tibi
1378 2862 1659 2925 'comitem
1701 2867 1889 2946 atque
1927 2861 2240 2925 custodem
2285 2864 2520 2925 umeris
2558 2880 2783 2946 expor-

320 2961 491 3026 tabis.
519 2963 746 3047 Virum
776 2963 951 3026 enim
980 2961 1334 3044 quendam,
1362 2962 1484 3039 cui,
1525 2965 1598 3025 ut
1641 2961 1709 3053 in
1735 2956 1950 3026 'sancti
1980 2961 2130 3025 Vita
2173 2961 2403 3044 legitur
2430 2962 2669 3037 Albini,
2696 2981 2780 3027 ιι,

322 3061 594 3126 virorum
623 3066 854 3144 pastus
868 3061 925 3134 ,¹³
953 3060 1039 3125 ad
1067 3080 1268 3126 unam
1309 3061 1727 3125 refectionem
1775 3081 1897 3144 pro
1926 3061 2363 3126 immoderato
2391 3062 2691 3144 appetitu
2709 3065 2778 3127 et

235 3181 295 3235 ¹5
321 3160 527 3226 inedia
566 3160 988 3244 insuperabili
1029 3178 1164 3224 non
1214 3160 1561 3233 sufficeret,
1609 3180 1809 3243 quem
1829 3159 1883 3198 ¹²
1931 3159 2151 3225 divina
2191 3160 2350 3225 ultio
2397 3162 2663 3244 proprii,
2705 3164 2781 3227 ut

320 3279 548 3338 remur,
576 3263 768 3326 reatu
794 3260 1045 3343 peccati
1075 3249 1271 3324 variis
1316 3259 1539 3342 leprae
1583 3260 1856 3327 maculis
1898 3260 2274 3325 terribiliter
2314 3261 2616 3342 aspersit,
2642 3260 2780 3326 sive

323 3361 744 3441 superborum
774 3358 1213 3442 quorumlibet
1242 3378 1524 3423 vesanas
1553 3363 1815 3424 mentes
1858 3359 1972 3423 tali
2011 3359 2384 3424 calamitate
2424 3365 2486 3423 et
2516 3360 2782 3425 miseria

324 3460 524 3523 carnis
576 3459 909 3524 humanae
965 3459 1185 3524 divina
1235 3459 1584 3525 clementia
1642 3459 1847 3523 voluit
1899 3459 2129 3524 terreri
2143 3459 2209 3537 ¹⁴,
2256 3463 2580 3541 quatenus
2627 3478 2781 3524 eum

327 3560 590 3642 propriis
641 3578 957 3624 manuum
1000 3577 1269 3623 suarum
1312 3558 1648 3623 laboribus
1690 3577 1813 3641 pro
1858 3557 2097 3622 Christi
2136 3559 2399 3622 nomine
2443 3558 2511 3622 in
2559 3576 2780 3625 eremo

241 3677 297 3731 ω
328 3663 629 3741 pasceret,
689 3662 956 3724 sanctus
1020 3662 1210 3741 pater
1265 3657 1542 3724 Albinus
1597 3657 1862 3740 recepit.
1917 3657 2025 3723 Ad
2081 3657 2252 3722 hanc
2301 3677 2529 3723 vocem
2572 3658 2781 3724 sancti

333 3757 586 3822 senioris
614 3756 835 3821 Albini
865 3755 1262 3821 Mocbulleus
1309 3755 1524 3820 adhuc
1564 3758 1782 3822 aetate
1809 3774 1992 3838 puer,
2020 3754 2137 3820 sed
2179 3756 2452 3820 maturis
2480 3757 2781 3822 sensibus
2865 3804 2873 3810 -

329 3854 394 3924 in
425 3855 628 3921 virum
678 3855 1041 3966 perfectum
1092 3854 1226 3919 iam
1278 3873 1677 3932 excrescens,
1732 3873 1884 3932 cum
1925 3854 2215 3946 suspiriis
2258 3859 2324 3919 et
2372 3855 2780 3937 singultibus,

332 3951 447 4032 piis
481 3953 740 4019 fletibus
791 3972 911 4017 ora
954 3954 1192 4051 rigans,
1235 3953 1304 4017 in
1342 3952 1508 4017 haec
1548 3953 1750 4018 verba
1794 3943 2207 4035 respondisse
2248 3954 2540 4019 dicitur:
2592 3952 2781 4036 Quid,

336 4049 545 4134 inquit,
601 4056 693 4116 mi
749 4061 944 4136 pater
1001 4052 1371 4132 venerande,
1427 4069 1522 4116 me
1565 4052 1912 4136 pupillum,
1967 4073 2064 4116 me
2110 4053 2433 4136 elinquem,
2488 4073 2584 4116 me
2639 4060 2785 4117 ante

249 4170 308 4223 25
338 4154 601 4234 tempora
628 4153 966 4216 iuventutIs
980 4153 1270 4236 propriis
1296 4150 1536 4215 viribus
1563 4171 1640 4215 ac
1667 4152 2017 4214 amicorum
2058 4151 2358 4217 subsidiis
2399 4152 2782 4232 destitutum,

335 4249 408 4313 ab
446 4253 563 4317 alis
595 4261 744 4318 tuae
779 4244 1185 4337 protectionis
1224 4253 1296 4315 in
1334 4253 1848 4335 praesentiarum
1891 4252 2136 4317 abicis?
2183 4253 2262 4317 Ut
2304 4253 2459 4338 quid
2499 4273 2595 4317 me
2620 4254 2786 4317 inter

337 4350 502 4417 devia
526 4373 848 4418 neruorum
893 4358 953 4417 et
993 4352 1131 4417 loca
1152 4353 1205 4391 ¹⁶
1250 4351 1479 4417 deserti
1523 4353 1768 4416 socium
1807 4352 1932 4416 sice
1971 4351 2266 4434 ferarum
2302 4352 2616 4437 praedam
2643 4352 2788 4436 fieri

333 4554 403 4649 *¹:-
428 4533 448 4567 ⁴⁸
467 4533 793 4603 imperitavit
816 4537 898 4603 A,-
930 4534 1256 4604 imper-iavit
1291 4535 1510 4604 Mpost.
1547 4551 1663 4588 ras.
1698 4565 1764 4575 —
1799 4534 1823 4568 ⁸
1845 4539 2059 4602 segetes
2096 4536 2246 4588 AM.
2286 4565 2333 4574 -
2379 4535 2403 4569 ⁹
2426 4552 2527 4589 om.
2552 4537 2697 4588 AM.
2720 4561 2786 4574 -

405 4622 682 4766 ffiflv.
705 4702 766 4768 i.)
788 4701 820 4755 i.
845 4718 897 4756 v.
917 4702 1067 4755 AM.
1092 4729 1148 4739 —
1177 4701 1202 4734 ²
1223 4700 1488 4768 temporis
1512 4702 1638 4754 add.
1661 4701 1810 4754 ΑΜ.
1833 4728 1899 4739 -
1922 4702 1947 4735 ⁸
1964 4701 2261 4754 ChristoA.
2283 4729 2342 4739 -
2360 4703 2385 4734 ⁴
2401 4701 2623 4754 senibus
2638 4701 2787 4755 ΛΠ.

341 4778 484 4835 ‘iam
505 4785 648 4838 Ast.
670 4813 733 4824 -
758 4785 1000 4838 ‘etadd
1021 4784 1170 4837 AM.
1196 4783 1298 4822 -7
1324 4798 1426 4836 nec
1448 4786 1520 4837 M.
1543 4784 1955 4852 —8queA.-
1979 4784 2174 4851 ⁹(t.d.)
2198 4789 2251 4838 te
2274 4783 2524 4846 ducitA:
2547 4787 2600 4836 te
2622 4781 2791 4836 ducti-

343 4867 480 4918 tante
501 4869 570 4921 JI.
590 4895 656 4906 —
683 4867 730 4902 ¹⁰
753 4870 882 4921 ante
912 4867 1124 4921 animas
1153 4870 1220 4920 Α.
1241 4893 1312 4905 -
1347 4867 1391 4910 ¹¹-
1431 4865 1740 4934 ignorautia
1761 4867 1913 4919 AM.
1937 4894 2001 4906 —
2028 4867 2075 4900 ¹2
2095 4883 2205 4935 que
2243 4874 2306 4920 Α.
2328 4894 2397 4905 —-
2431 4867 2477 4900 ¹⁸
2500 4883 2604 4920 om.
2629 4870 2696 4919 A.
2717 4894 2784 4904 -—

347 4945 472 5012 ¹⁴(v.
491 4951 546 5015 t.)
575 4951 961 5004 terreretAJI
984 4968 1106 5018 sup.
1129 4952 1228 5003 lin.
1250 4951 1324 5002 al.
1357 4967 1528 5012 mam,-
1569 4948 1764 5003 terreri
1789 4950 1857 5002 M
1874 4953 1934 5002 in
1971 4958 2139 5004 tatu.
2163 4978 2223 4987 —
2250 4949 2296 4984 ¹⁶
2317 4949 2441 5003 sola-
2471 4951 2599 5003 add.
2633 4950 2788 5002 AM.
