3487 5450
1344 588 1702 643 arrsumx
1750 589 1799 643 1.
2664 569 2803 644 127

327 782 419 841 est
444 778 898 844 cornia‘meum
919 781 989 844 in
1004 777 1139 845 Deo
1164 798 1298 844 meo
1312 779 1424 864 (1).
1450 777 1636 845 Haec
1653 778 1927 860 locutuS,
1949 778 2208 846 Christo
2230 780 2561 864 sanguinis
2581 779 2795 864 pretio

325 881 745 961 comparatos
791 878 1073 946 tuendos
1117 879 1367 945 intente
1420 878 1910 964 commendans,
1963 878 2167 945 oculis
2221 878 2404 945 caelo
2428 878 2666 959 infixis,
2707 875 2793 943 In

326 995 580 1059 manus,
592 977 823 1061 inquit,
833 985 1000 1059 tuas,
1022 977 1679 1059 Domine,commendo
1706 978 2007 1062 spiritum
2033 976 2275 1061 meum(
2283 979 2342 1063 1)
2364 1002 2381 1057 3
2401 978 2625 1062 sicque
2650 978 2799 1046 lau·

323 1073 520 1140 dibus
529 1076 934 1160 hymnisonis
946 1081 1178 1144 sancta
1198 1077 1421 1143 anima
1440 1097 1636 1144 carne
1654 1077 1872 1145 soluta
1889 1077 2180 1143 coetibus
2202 1079 2580 1143 sanctorum
2600 1077 2804 1161 digne

251 1192 283 1242 ο
321 1178 430 1239 est
459 1176 797 1243 associata.
832 1176 992 1256 Quis
1034 1181 1238 1261 queat
1271 1176 1521 1253 luctum
1557 1177 1912 1262 explanare
1955 1176 2127 1258 cleri,
2170 1177 2397 1261 quisve
2437 1177 2793 1243 tumultum

319 1275 767 1341 concurrentis
791 1276 1015 1361 populi
1033 1279 1066 1341 ἰ’
1092 1277 1321 1343 Ruunt
1345 1276 1635 1359 undique
1664 1276 1748 1342 de
1775 1276 1949 1360 agris
1985 1277 2072 1342 ad
2100 1276 2269 1343 tanti
2289 1276 2522 1342 funera
2538 1276 2798 1361 patris,
2782 1301 2796 1316 ·

319 1372 571 1440 clamor
617 1375 963 1456 extollitur,
1008 1375 1193 1443 dolor
1231 1376 1513 1442 lacrimis
1547 1376 2133 1460 irremediabilibus
2185 1374 2616 1459 exprimitur3
2665 1395 2803 1441 cer-

312 1491 516 1538 neres
557 1473 802 1540 clerum
846 1475 962 1541 tali
1001 1479 1194 1559 patre
1235 1478 1304 1542 et
1339 1475 1677 1560 provisore
1704 1475 2055 1541 orbatum
2037 1474 2372 1541 immensis
2411 1473 2831 1559 singultibus·

313 1572 712 1640 intermixtis
738 1573 1001 1640 fletibus
1026 1594 1182 1640 suas
1207 1574 1522 1658 replicare
1561 1574 1887 1651 miserias3
1937 1574 2092 1658 quid
2140 1573 2265 1640 sibi
2312 1577 2609 1657 agerent,
2664 1592 2799 1657 quo

222 1687 278 1737 ιο
311 1691 395 1737 se
436 1676 786 1753 verterent,
832 1675 1105 1754 nescire,
1151 1674 1336 1740 cuive
1377 1674 1717 1740 ecclesiam
1750 1677 2018 1757 pastore
2057 1673 2398 1739 viduatam
2424 1673 2800 1751 traderent,

311 1789 472 1836 cum
492 1776 716 1839 tamen
740 1772 928 1857 plebs
956 1793 1089 1840 non
1109 1773 1321 1839 solum
1342 1773 1426 1839 de
1474 1773 1623 1838 vicis
1644 1776 1711 1839 et
1735 1772 2013 1856 oppidis,
2037 1773 2155 1839 sed
2176 1772 2375 1838 etiam
2396 1773 2480 1839 de
2501 1772 2745 1839 urbibu
2766 1792 2801 1838 s

308 1889 583 1937 rumore
622 1872 980 1938 miserabili
1024 1873 1311 1951 collecta,
1363 1891 1498 1937 non
1550 1871 1787 1937 minori
1837 1871 2099 1956 ploratu
2150 1872 2406 1956 patriae
2472 1867 2790 1951 tutorem,

308 1971 543 2053 populi
582 1968 991 2039 defensorem
1018 1971 1377 2039 clamarent
1403 1971 1832 2047 exstinctum3
1874 1970 2238 2054 Epiphanio
2279 1971 2651 2054 superstite,
2693 1971 2794 2037 nil

166 2070 170 2074 ’
310 2069 577 2149 durum,
595 2071 686 2136 nil
705 2071 911 2137 videri
950 2091 1278 2156 asperum,
1304 2090 1569 2137 omnem
1593 2070 1858 2154 penitus
1881 2069 1950 2134 in
1969 2088 2101 2136 uno
2141 2071 2407 2137 homine
2429 2070 2788 2137 concidisse

219 2184 278 2232 «a
310 2168 594 2234 Italiam.
639 2169 696 2236 Ο
738 2171 951 2236 virum
997 2170 1177 2236 omni
1216 2169 1420 2253 gloria
1458 2166 1882 2249 laudandum,
1928 2188 1969 2234 o
1998 2168 2358 2235 antistitem
2398 2174 2782 2237 cunctorum

311 2268 705 2335 testimoniis
742 2268 1225 2348 celebrandum,
1282 2269 1393 2353 qui
1431 2288 1554 2354 pro
1592 2268 1845 2336 castris.
1866 2267 2153 2336 fidelium
2199 2268 2294 2333 ita
2338 2273 2497 2353 apto
2553 2272 2783 2335 contra

310 2368 651 2433 diabolum
688 2368 902 2435 duello
927 2388 1312 2451 congressus
1339 2372 1460 2448 est,
1501 2373 1575 2434 ut
1601 2388 1724 2434 nec
1761 2367 2104 2435 hominum
2153 2367 2482 2434 consortia
2525 2369 2797 2454 vitaret,

169 2534 172 2537 .
307 2486 437 2532 nec
464 2471 688 2533 tamen
703 2468 943 2533 vitium
967 2467 1299 2545 mundiale
1326 2466 1760 2534 contraheret.
1790 2466 2055 2534 Cunctis
2073 2466 2295 2550 largus
2322 2471 2390 2534 et
2417 2467 2778 2548 benivolus,

307 2566 435 2632 sibi
465 2569 727 2631 tantum
763 2571 1064 2633 austerus
1100 2566 1347 2638 exstitit
1388 2571 1455 2632 et
1493 2586 1754 2653 parcus.
1773 2567 1927 2632 Eius
1950 2586 2240 2651 namque
2280 2570 2774 2633 sacrosanctum

212 2675 272 2728 ιο
308 2684 569 2750 corpus
590 2680 850 2732 summa
887 2670 1269 2733 cunctorum
1307 2666 1651 2734 devotione
1693 2689 1870 2746 usquo
1937 2671 1998 2729 in
2056 2672 2205 2728 diem
2265 2672 2495 2729 tertium
2550 2686 2772 2734 serva-

303 2770 473 2845 tum,
503 2765 1046 2849 praecedentibus
1073 2766 1453 2833 clericorum
1480 2770 1549 2832 et
1586 2766 1902 2832 laicorum
1928 2766 2268 2850 utriusque
2294 2786 2493 2832 sexus
2520 2766 2781 2846 turmiS,

304 2865 394 2929 ad
448 2863 727 2947 sepulcri
757 2864 988 2950 „locum
1029 2863 1391 2947 deducitur,
1429 2865 1545 2930 ubi
1582 2865 1752 2930 tanti
1792 2865 2001 2948 patris
2049 2863 2243 2931 funus
2303 2884 2440 2931 non
2501 2866 2772 2931 minimo

299 2982 676 3047 pauperum
692 2955 986 3030 heiulatu
1004 2964 1088 3029 de
1115 2964 1296 3030 omni
1316 2964 1453 3030 fere
1476 2963 1663 3030 Italia
1681 2964 2147 3033 confluentium
2168 2963 2506 3048 excipitur.
2530 2964 2786 3030 Nihilo-

162 3081 168 3090 ‘
302 3054 524 3128 minus
550 3063 750 3128 etiam
778 3062 862 3129 de
889 3062 1156 3146 singulis
1187 3063 1600 3130 monasteriis
1628 3063 1906 3146 fratrum
1947 3067 2015 3130 et
2056 3082 2357 3130 sororum
2381 3063 2580 3147 legati
2621 3064 2786 3129 adc-

205 3172 269 3225 Β
299 3165 474 3240 rant,
503 3161 615 3246 qui
640 3162 1077 3245 inexplicabili
1104 3161 1328 3234 dolore
1367 3175 1443 3229 se
1468 3163 1783 3242 desertoS,
1818 3162 2165 3229 destitutos
2196 3163 2508 3247 omnique
2531 3163 2770 3230 solacio

301 3261 633 3327 desolatos
653 3265 1120 3345 protestantur.
1143 3261 1263 3327 His
1283 3263 1459 3327 enim
1479 3260 1880 3346 Epiphanius
1901 3261 2102 3341 diveS,
2124 3262 2247 3328 sibi
2270 3267 2530 3329 tantum
2558 3263 2782 3329 fuerat

301 3355 528 3442 egens3
553 3381 675 3448 per
700 3361 978 3427 istorum
1011 3381 1267 3441 manus,
1296 3361 1472 3446 quod
1499 3361 1747 3427 mundo
1782 3362 2206 3441 subduxerat,
2248 3361 2527 3428 Domino
2555 3361 2765 3428 fidelis
2848 3381 2851 3384 ·

299 3458 719 3542 dispensator
769 3460 1245 3527 transmiserat.
1300 3460 1606 3540 Decessit
1652 3464 1879 3527 autem
1933 3461 2471 3545 quinquagesimo
2539 3465 2780 3527 octavo

219 3567 222 3568 ’
301 3559 542 3623 aetatis
581 3578 759 3624 anno
769 3559 815 3638 ⁸,
844 3560 1261 3644 episcopatus
1299 3575 1457 3626 vero
1503 3572 1716 3625 xxxm
1764 3573 1877 3640 ιη,
1917 3573 2012 3626 ιι·
2037 3559 2467 3626 kalendarum
2507 3560 2780 3627 februa-

204 3664 267 3717 πο
298 3657 552 3723 riarum
577 3657 703 3737 die,
729 3657 1133 3725 Theoderico
1165 3659 1490 3742 permissu
1503 3659 1792 3725 Zenonis
1819 3658 2150 3725 orientalis
2176 3660 2486 3744 principis
2515 3658 2770 3741 Hespe-

298 3757 443 3844 riae
465 3757 815 3841 imperium
862 3758 1381 3837 administrante,
1402 3762 1717 3842 regnante
1741 3763 2194 3842 perpetuoque
2218 3759 2588 3842 imperante
2615 3759 2716 3824 Ies
2733 3778 2779 3824 u

299 3852 562 3922 Christo
587 3856 854 3923 domino
880 3861 1126 3936 nostro,
1155 3858 1259 3924 cui
1287 3856 1405 3923 soli
1433 3857 1709 3923 debetur
1733 3858 1945 3923 honor
1973 3861 2041 3923 et
2066 3857 2415 3941 imperium
2440 3877 2576 3924 una
2627 3876 2781 3923 cum

298 3954 503 4020 Patre
529 3959 594 4021 et
620 3955 869 4039 Spiritu
894 3960 1123 4022 sancto
1150 3955 1220 4049 in
1246 3956 1508 4023 saecula
1534 3955 1962 4023 saeculorum.
1989 3957 2207 4023 Amen
2223 3957 2272 4022 ⁷.

303 4181 375 4193 —
411 4153 554 4208 ¹'eor
585 4155 1034 4223 W&—⁸(ae.a.)
1061 4170 1371 4224 a.ae.suae
1402 4155 1776 4224 ἱνα-ἴου.
1809 4157 1923 4211 We.

373 4336 452 4401 (i)
473 4334 623 4404 etp.
648 4335 763 4400 126,
786 4339 906 4392 not.

2898 2667 3166 2724 nmine.
3234 2655 3238 2659 ’
