3487 5450
933 568 937 571 ’
1010 596 1101 648 m:
1151 597 1210 648 S.
1266 596 1626 649 Arvasnst:
1676 562 1766 648 ni:
1819 596 2054 650 τεηκι.
2635 575 2778 648 339

307 834 335 863 ,,
380 796 620 849 narum
661 784 1229 868 humanarumque
1281 805 1503 850 rerum
1552 786 1768 851 studio
1820 790 1886 850 et
1941 786 2237 851 doctrina
2286 785 2781 865 eruditissimuS,

200 883 203 885 ’
307 934 335 963 ,,
381 883 555 948 sedis
580 883 975 966 apostolicae
996 885 1549 968 prothonotarius,
1573 884 1884 950 ecclesiae
1907 884 2417 950 Interamnensis
2441 886 2785 951 cathedra-

236 1047 240 1050 <
307 1032 335 1061 ,
380 981 459 1047 lis
481 983 678 1066 prior,
701 983 785 1049 de
805 984 961 1048 sede
986 983 1344 1067 apostolica
1363 984 1611 1067 optime
1635 984 1927 1062 meritus,
1940 985 2026 1049 ob
2049 977 2442 1066 singularem
2468 990 2534 1050 et
2554 1005 2787 1069 perpe-

307 1131 336 1159 ,
383 1085 570 1147 tuam
598 1084 799 1148 animi
826 1082 926 1148 sui
956 1083 1369 1149 devotionem
1400 1088 1465 1148 et
1499 1084 1747 1167 pariter
1792 1103 2087 1149 amorem
2118 1088 2185 1149 et
2215 1085 2578 1162 caritatem,
2609 1104 2786 1150 com-

311 1231 339 1259 „
384 1182 846 1266 mentatios(1)
868 1202 1090 1247 rerum
1110 1187 1447 1265 gestarum
1466 1182 1826 1247 beatissimi
1850 1181 2123 1259 Proculi,
2141 1186 2206 1247 et
2229 1183 2436 1247 sancti
2454 1183 2785 1248 Anastasii

308 1331 337 1359 ,,
383 1281 706 1363 pontificis
736 1285 802 1349 et
830 1281 1237 1359 confessoris,
1267 1285 1333 1346 et
1362 1282 1540 1347 beati
1563 1281 1891 1347 Valentini
1915 1282 2210 1347 eiusdem
2241 1282 2519 1347 civitatis
2541 1282 2696 1347 civis
2720 1288 2786 1347 et

310 1431 338 1460 ,,
384 1381 690 1463 episcopi,
719 1400 797 1445 ac
833 1381 1010 1446 beati
1049 1380 1248 1445 Cirilli
1273 1381 1430 1446 civis
1460 1381 1991 1459 Interamnensi5‚
2038 1381 2323 1464 episcopi
2352 1380 2784 1460 Hierusalem,

314 1530 343 1558 „
389 1479 624 1544 iniuria
661 1484 1035 1563 temporum
1074 1480 1456 1546 obliteratos
1502 1485 1570 1546 et
1613 1481 1750 1546 fere
1792 1482 1974 1545 omni
2001 1485 2191 1565 parte
2234 1481 2469 1546 oblitos
2497 1501 2619 1547 sua
2648 1481 2789 1545 dili-

311 1629 340 1657 „
385 1579 606 1663 gentia
655 1583 722 1644 et
769 1580 1068 1663 impensa
1115 1599 1236 1663 per
1277 1582 1493 1645 totum
1536 1579 1674 1644 fere
1726 1580 1958 1645 orbern
2003 1580 2335 1663 quaesitos
2383 1585 2447 1645 et
2476 1581 2545 1645 in
2581 1600 2787 1646 unum

312 1680 341 1757 ‚‘
392 1678 698 1744 volumen
764 1680 1065 1744 redactos
1136 1679 1222 1743 ad
1293 1678 1711 1744 devotionem
1786 1680 2023 1744 civium
2080 1699 2350 1745 suorum
2418 1681 2816 1762 augendam,

269 1799 273 1803 ’
315 1830 343 1858 ,,
392 1777 794 1861 posteritatis
844 1779 1201 1844 memoriae
1248 1778 1606 1843 tradendos
1657 1779 1929 1844 curavit.
1977 1778 2121 1857 Quo
2172 1783 2385 1845 morte
2433 1779 2790 1845 immatura

312 1927 341 1955 ‚
391 1881 458 1942 et
501 1877 741 1943 acerba
787 1898 823 1941 e
867 1877 1083 1942 medio
1126 1878 1298 1942 vitae
1343 1878 1624 1957 sublato,
1664 1877 1901 1943 Petrus
1940 1878 2322 1943 Franciscus
2357 1898 2566 1960 nepos
2601 1878 2788 1958 illius,

311 2026 342 2055 ,,
388 1976 643 2041 obitum
685 1977 851 2042 iuste
895 1981 962 2041 et
1009 1975 1265 2042 fortiter
1305 1975 1500 2054 ultus,
1543 1995 1665 2060 pro
1706 1994 1829 2040 sua
1870 1995 2025 2059 erga
2062 1976 2348 2059 patriam
2374 1978 2694 2060 pietatem
2724 1980 2788 2040 et

314 2127 345 2155 „
389 2080 769 2141 sanctorum
812 2077 1267 2159 episcoporum
1305 2075 1807 2159 propagandam
1848 2080 1914 2141 et
1955 2076 2023 2140 in
2070 2079 2369 2157 posteros
2409 2075 2794 2141 immortali-

315 2225 343 2254 ,
391 2175 548 2241 tatis
577 2195 656 2240 ac
683 2176 952 2241 demum
979 2176 1047 2239 in
1077 2175 1338 2240 civitate
1368 2195 1490 2240 sua
1519 2174 1996 2240 Interamnensi
2016 2173 2350 2257 publicum
2371 2174 2790 2240 commodum

317 2326 345 2355 ‚
394 2274 617 2340 edidit.
669 2325 696 2351 ,

392 2374 665 2455 Suivae't,
708 2373 875 2438 dans
916 2372 1257 2457 l’oriqinal,
1300 2373 1588 2458 compos&
1613 2373 1654 2436 ὰ
1699 2373 1767 2437 la
1812 2372 2121 2437 demande
2149 2372 2225 2437 de
2269 2372 2792 2438 Pierro-Antoiue

315 2472 555 2553 Nar-di,
596 2474 663 2537 la
693 2473 941 2556 leyende
966 2473 1042 2537 cle
1072 2472 1140 2536 S.
1172 2471 1507 2553 Proculus,
1541 2472 1757 2557 desque
1785 2471 1862 2536 cle
1914 2470 2125 2537 Ternz’.
2155 2470 2260 2537 La
2301 2473 2476 2556 copie
2517 2472 2595 2537 de
2625 2473 2792 2536 1583

308 2576 451 2639 n'en
482 2594 526 2637 a
567 2574 857 2637 conserve
896 2592 1012 2658 que
1040 2572 1325 2658 quelques
1354 2572 1567 2657 liques,
1615 2572 1729 2657 qui
1768 2571 2108 2636 trahi-ssent
2141 2571 2248 2636 des
2265 2573 2791 2656 preocmpations
2850 2617 2856 2622 -

302 2673 777 2761 ylndaloqiques
799 2672 1054 2759 quelque
1064 2691 1189 2756 peu
1213 2677 1538 2755 suspectas,
1562 2678 1620 2735 et
1641 2672 1752 2757 qui
1771 2671 1979 2736 vale-ut
2006 2670 2072 2736 la
2085 2671 2269 2756 peine
2289 2670 2485 2736 d'etre
2503 2671 2702 2736 ciues.

397 2781 424 2809 ⁶¹
459 2773 789 2857 Tempore
808 2761 1147 2837 Iustiniani
1174 2771 1608 2855 imperatoriS‚
1632 2771 1745 2855 qui
1765 2770 1996 2837 Simon
2014 2771 2207 2838 huius
2228 2768 2512 2837 nominis
2538 2771 2791 2855 primus

318 2924 348 2954 ,
391 2872 743 2956 imperavit
766 2872 956 2936 annis
977 2871 1225 2949 decem,
1249 2869 1523 2937 sedente
1551 2890 1731 2953 papa
1759 2869 2113 2936 Hormisda
2140 2870 2409 2936 natione
2428 2869 2790 2954 Campam,

317 3023 348 3052 ‚
395 2971 508 3056 qui
535 2971 833 3055 pontifex
858 2970 979 3035 fuit
1006 2988 1182 3036 anno
1208 2970 1355 3049 516,
1384 2970 1623 3053 quibus
1652 2969 2033 3035 sedentibus
2062 2969 2378 3048 Proculus
2410 2973 2478 3036 et
2517 2969 2792 3035 Iacobus

317 3123 348 3152 ,,
392 3071 630 3136 fratres
653 3071 745 3135 de
787 3070 1164 3154 sanguine
1206 3068 1667 3148 Nardorum,
1710 3068 1839 3134 orti
1867 3087 1950 3134 ex
1973 3069 2296 3134 Damasco
2318 3069 2526 3135 Siriae
2547 3069 2791 3152 oppido

312 3220 341 3250 ,‚
388 3169 838 3236 adolescentes
866 3169 1228 3235 Bononiam
1250 3168 1531 3234 coluere,
1548 3170 1746 3234 Anno
1772 3167 2033 3234 Domini
2060 3168 2186 3235 536
2215 3172 2515 3252 tempore
2534 3168 2790 3233 Totilae

314 3321 344 3351 ,
390 3271 559 3353 regis
604 3269 987 3355 Gothorum,
1044 3269 1412 3352 imperante
1460 3268 1818 3333 Iustiniano
1868 3272 1946 3333 et*
1995 3267 2269 3336 sedente
2317 3287 2499 3352 papa
2546 3268 2794 3334 Ioanne

313 3421 344 3450 ,,
391 3369 698 3448 secundo,
749 3367 861 3453 qui
908 3369 1141 3433 eodem
1190 3371 1490 3450 tempore
1540 3366 1891 3433 Proculum
1934 3367 2500 3438 Interamnensem
2542 3368 2790 3433 creavit

311 3518 343 3547 ‚
391 3468 790 3553 episcopum,
822 3466 932 3551 qui
961 3466 1228 3550 quidem
1255 3467 1425 3532 inter
1452 3471 1779 3549 martyres
1793 3466 2076 3532 habetur
2106 3492 2122 3545 ;
2151 3467 2330 3531 cuius
2352 3465 2521 3532 alter
2547 3465 2790 3531 Procu-

310 3618 341 3647 ‚
383 3568 486 3633 lus
526 3587 752 3651 nepoS,
781 3566 967 3632 miles
1001 3567 1088 3631 ab
1119 3565 1517 3649 imperatore
1563 3565 1946 3644 trucidatuS‚
1985 3570 2238 3650 martyr
2281 3566 2483 3631 etiam
2524 3565 2790 3630 habitus

312 3718 343 3747 ‚
392 3671 514 3733 est.
551 3666 648 3732 De
695 3667 932 3750 quibus
987 3665 1179 3748 longe
1235 3665 1498 3749 lateque
1558 3664 1832 3731 ecclesia
1875 3665 2030 3731 facit
2079 3665 2789 3732 commemorationem.

313 3820 341 3849 ‚
385 3767 664 3833 Iacobus
691 3754 915 3851 itaque
942 3769 1133 3848 pater
1158 3764 1537 3848 posterioris
1567 3764 1825 3830 Proculi
1852 3784 2006 3830 cum
2034 3767 2172 3830 eius
2194 3764 2443 3830 familia
2469 3765 2556 3830 ab
2586 3765 2794 3848 impe-

312 3917 343 3948 ,
389 3868 609 3931 ratore
650 3863 1124 3930 Interamnensi
1169 3863 1432 3930 civitate
1478 3864 1759 3931 extorris
1803 3864 2193 3930 constitutus
2233 3864 2372 3943 fuit,
2403 3865 2517 3947 qui
2544 3865 2791 3948 stirpe

315 4015 343 4044 ‚
388 3964 451 4030 N
461 3964 824 4029 ardorum
886 3968 1109 4029 ortum
1148 3962 1403 4043 habuit,
1452 3961 2014 4047 quemadmodum
2061 3963 2129 4028 in
2179 3964 2364 4028 actis
2388 3963 2793 4047 reipublicae

314 4115 342 4144 ,
388 4064 819 4130 Bononiensis
845 4063 1088 4148 liquide
1117 4066 1417 4146 apparet.
1570 4117 1571 4120 η

394 4215 422 4242 ,,
470 4162 700 4228 Passio
755 4162 1115 4229 beatissimi
1178 4162 1435 4227 Proculi
1493 4161 1700 4227 Nardi
1743 4161 2036 4245 episcopi
2080 4165 2147 4226 et
2194 4161 2504 4245 martyris
2547 4162 2797 4229 Intera-

317 4314 345 4342 „
388 4262 702 4340 mensis,
746 4263 928 4329 cuius
977 4282 1214 4345 corpus
1260 4268 1385 4345 pro'
1411 4260 1545 4326 fide
1586 4261 1830 4327 Christi
1853 4260 2211 4327 Bononiae
2231 4261 2703 4345 interemptum
2753 4283 2796 4328 a
2831 4309 2833 4312 -

314 4413 342 4442 ,
386 4362 605 4428 Totila
625 4362 999 4444 ibidemque
1021 4362 1221 4426 insuo
1238 4361 1638 4426 monasterio
1661 4361 1801 4426 eius
1821 4360 2085 4426 nomine
2109 4360 2414 4426 dedicato
2443 4361 2797 4428 honorifice

314 4513 343 4541 ,
387 4462 801 4540 reconditum
850 4464 950 4526 est
1001 4480 1174 4526 anno
1223 4460 1486 4526 Domini
1532 4460 1677 4525 539.
1714 4510 1742 4538 „
1781 4459 2032 4524 saivait
2081 4480 2234 4525 sans
2285 4461 2472 4524 doute
2528 4482 2649 4526 une
2691 4463 2799 4526 des

304 4562 616 4629 Passions
662 4561 739 4625 de
784 4561 851 4625 S.
873 4549 876 4552 “
899 4560 1213 4625 Proculus
1264 4566 1539 4644 martyr,
1569 4580 1685 4645 que
1712 4580 1777 4624 se
1806 4559 2123 4644 disputent
2168 4559 2361 4624 Term'
2398 4567 2454 4624 et
2500 4560 2797 4647 Boloqne.

303 4662 484 4728 Mais
503 4662 560 4726 le
585 4662 815 4745 copiste
842 4660 918 4724 de
941 4660 1104 4724 1583
1124 4661 1268 4723 s'est
1289 4659 1506 4723 αννέιέ
1526 4660 1612 4722 ici
1640 4682 1662 4722 .·
1688 4659 1971 4742 Reliqua
1995 4679 2165 4742 quae
2187 4664 2572 4742 sequuntur,
2601 4660 2796 4742 dit-il,

307 4761 571 4828 fuerunt
597 4761 847 4826 omissa
873 4763 1216 4842 tamquam
1244 4757 1330 4822 ad
1360 4757 1735 4823 huiusmodi
1765 4758 2255 4842 infrascriptum
2279 4762 2637 4824 tractatum
2665 4778 2802 4823 non

376 4978 446 5045 (1)
482 4976 620 5033 eod.
639 4976 1029 5029 oernmentart'a'.
