3487 5450
639 644 644 649 ἱ
699 542 839 617 166
1250 563 1339 616 nr
1391 561 1634 616 mono
1683 560 2127 614 LEGENDARJO
2176 543 2592 614 msa-mmo.

688 771 858 819 unus
900 751 1158 819 incaute
1183 753 1668 835 interrogasset.
1695 752 1943 816 Iterum
1983 768 2133 815 eum
2172 748 2272 814 vir
2304 752 2569 815 sanetus
2619 750 2688 815 in
2727 769 2858 819 sua,
2890 749 3156 818 civitate

687 849 1039 928 maneret⁸‚
1049 849 1287 932 leprosi
1307 849 1395 915 ad
1415 869 1568 915 eum
1580 851 1916 927 venerunt,
1924 847 2331 931 postulantes
2350 848 2438 912 ab
2453 867 2531 913 eo
2555 847 3015 933 elemosynam.
3035 849 3164 929 Qui

689 949 931 1028 statim,
953 953 1028 1015 ut
1049 948 1169 1014 ruit
1182 949 1206 986 ²
1227 949 1610 1027 misericorS‚
1632 948 1908 1013 absente
1935 947 2327 1030 praeposito,
2350 948 2676 1030 ingressus
2700 953 2801 1013 est
2823 949 3158 1015 cellarium

685 1048 758 1114 'et
785 1048 936 1115 inde
962 1047 1257 1114 lardam⁸
1277 1049 1597 1131 accipiens
1618 1047 2017 1131 pauperibus
2037 1045 2298 1129 largiter
2326 1046 2671 1112 distribuit.
2692 1047 2944 1113 Deinde
2971 1049 3154 1115 venit

685 1148 1119 1233 praepositus,
1148 1152 1215 1212 et
1241 1148 1364 1213 sibi
1392 1147 1715 1231 displicuit
1736 1145 1913 1230 quod
1935 1146 2022 1212 ad
2052 1145 2358 1228 episcopii
2384 1146 2843 1212 necessitatem
2880 1147 3165 1214 haberet
3197 1157 3233 1207 a

685 1247 1085 1333 pauperibus
1107 1246 1742 1330 erogari.Episoopus
1757 1265 1911 1311 vero
1932 1244 2260 1311 humiliter
2279 1265 2428 1310 eum
2451 1245 2807 1330 alloquens,
2819 1248 3156 1331 praecepit

687 1348 749 1415 ei
775 1348 1019 1414 intrare
1040 1350 1108 1412 et
1128 1346 1388 1412 videre⁹
1409 1347 1522 1411 ubi
1562 1345 1742 1428 prius
1771 1344 1982 1410 fuerat
2010 1345 2196 1409 larda
2237 1345 2608 1410 constituta.
2638 1344 2765 1424 Qui
2796 1346 3147 1429 ingressuS,

687 1446 850 1512 vidit
874 1450 1087 1512 totam
1111 1445 1360 1529 integre
1384 1444 1643 1510 lardam
1670 1445 1739 1509 in
1766 1444 2002 1510 eodem
2043 1442 2183 1508 loco
2224 1444 2664 1509 constitutam.
2686 1444 2870 1510 Tunc
2898 1447 3141 1511 corruit

601 1648 604 1649 V
689 1549 846 1612 ante
864 1544 1378 1629 pedessepiscopi
1398 1549 1465 1610 et
1491 1542 1964 1627 paenitentiam
2001 1542 2150 1625 egit.

662 1918 666 1923 ·
691 1910 854 1958 corr..
870 1894 936 1948 L.
960 1921 1025 1932 -
1048 1893 1073 1928 ⁰
1094 1891 1268 1947 videri
1292 1892 1502 1953 BLA-

1643 1658 1893 1743 (Getera
1946 1659 2217 1742 desunt.)
2907 1661 2913 1667 '
3201 1666 3280 1721 ⁴0

694 1841 760 1852 —
780 1811 806 1845 ⁸
825 1814 1138 1865 remaneret
1168 1810 1301 1864 HJ..
1323 1836 1390 1849 —
1429 1809 1453 1843 '¹
1477 1809 1562 1876 (ut
1582 1808 1641 1874 f.)
1666 1825 1773 1863 om.
1797 1809 1937 1863 HJ..
1957 1835 2028 1847 —
2059 1808 2084 1842 ⁸
2105 1810 2187 1861 ica
2208 1816 2257 1861 ee
2289 1808 2357 1862 H
2369 1816 2495 1863 ante
2516 1825 2658 1862 corr.
2671 1832 2692 1871 ,-
2721 1808 2939 1863 lardum
2955 1810 3030 1872 ‚H
3043 1819 3170 1880 poa

1505 2226 1586 2293 X.
1628 2226 1740 2293 DE
1781 2225 1851 2293 S.
1894 2225 2354 2292 GERTRUDE

1651 2438 1658 2441 -
1694 2359 1774 2415 Cf.
1797 2375 1981 2429 supra,
2001 2375 2054 2428 p.
2076 2359 2163 2414 51.

777 2524 975 2607 Igitur
993 2524 1379 2589 venerabilis
1406 2521 1587 2607 virgo
1611 2522 1965 2590 Gerdrudis
1984 2522 2403 2602 nobilissimo,
2422 2526 2497 2589 ut
2524 2488 2795 2589 tradunt
2820 2523 3164 2605 historiae,

547 2706 557 2715 .
692 2623 1090 2690 Francorum
1126 2643 1279 2707 rege
1306 2623 1582 2707 Pippino
1603 2627 1834 2689 exorta
1855 2627 1973 2702 est,
2001 2626 2213 2703 matre
2243 2642 2502 2707 quoque
2528 2622 2931 2689 nobilissima
2951 2627 3160 2707 atque
3242 2652 3246 2654 ‘

690 2722 1199 2808 prudentissima
1224 2722 1489 2789 nomine
1514 2721 1734 2802 Hitta;
1760 2743 1929 2808 quae
1958 2722 2309 2808 quondam,
2337 2725 2411 2787 ut
2433 2721 2653 2798 fertur,
2677 2720 2837 2787 dum
2862 2720 3166 2789 eiusdem

694 2826 962 2889 sanctae
982 2822 1244 2905 virginis
1271 2822 1724 2906 impraegnata
1752 2826 1944 2901 esset,
1966 2823 2035 2887 in
2052 2840 2325 2888 romano
2345 2822 2592 2901 itinere,
2622 2841 2753 2905 quo
2779 2826 3165 2894 sanctorum

697 2921 1143 3006 apostolorum
1161 2921 1384 2986 limina
1392 2921 1788 3001 visitaverat,
1801 2922 2212 3005 peregrinum
2227 2920 2558 3005 quendam
2571 2920 2838 2986 obvium
2853 2920 3174 2987 habuisse
3217 2938 3257 2989 5

693 3021 1095 3106 perhibetur.
1128 3020 1253 3100 Qui
1274 3020 1645 3105 praesciens
1671 3021 1935 3086 innatae
1965 3021 2224 3104 virginis
2252 3020 2489 3085 miram
2520 3020 2955 3099 sanctitatem,
2982 3021 3163 3103 regi-

641 3200 644 3202 ,
694 3139 856 3187 nam
890 3139 1040 3186 cum
1077 3119 1237 3185 fletu
1256 3120 1582 3199 salutavit,
1601 3139 1825 3203 regem
1845 3138 2000 3185 vero
2029 3119 2312 3184 salutare
2335 3118 2748 3202 contempsit.
2771 3117 2897 3197 Qui
2923 3120 3162 3186 statim

697 3240 741 3285 a
767 3239 920 3303 rege
947 3218 1402 3302 interrogatuS,
1430 3239 1544 3284 cur
1572 3220 1696 3285 hoc
1724 3218 2002 3298 fecisset,
2041 3218 2423 3301 respondit:
2451 3216 2583 3282 Nec
2621 3224 2677 3281 te
2704 3238 2814 3282 nec
2854 3218 3167 3303 reginam,

700 3318 812 3384 sed
837 3339 1029 3404 quam
1056 3319 1126 3381 in
1147 3324 1322 3381 utero
1339 3317 1517 3382 habet
1543 3320 1846 3403 virqinem
1878 3309 2027 3382 Πεο
2043 3323 2466 3381 consecratam
2494 3317 2789 3381 salutavi.
2816 3316 2969 3399 Ipsa
2997 3336 3165 3398 ergo

680 3417 878 3502 ‚virgo
890 3418 1010 3484 Dei
1023 3422 1250 3483 sancta
1272 3417 1625 3483 Gerdrudis
1647 3418 1886 3483 etiam
1869 3438 1936 3483 m
1954 3421 2141 3483 utero
2163 3417 2391 3482 matris
2405 3416 2544 3482 Deo
2566 3416 2801 3494 dIcata‚
2813 3435 2963 3482 cum
2985 3421 3175 3484 esset
3220 3433 3248 3482 ⁴
3261 3434 3303 3487 o

698 3521 860 3584 nata
885 3521 953 3586 et
974 3516 1322 3595 ablactata,
1345 3517 1650 3582 divinitus
1670 3517 1988 3601 inspirata
2011 3515 2303 3581 carnales
2325 3516 2504 3581 cibos
2526 3515 2814 3580 fastidire
2843 3520 2909 3580 et
2929 3515 3187 3598 paula-

632 3650 638 3656 ·
701 3617 824 3683 tim
851 3615 937 3682 ad
956 3616 1253 3682 secreta
1236 3617 1474 3683 leiunia
1500 3617 1885 3718 propensius
1912 3615 2130 3700 puella
2155 3615 2407 3680 tenella·
2422 3615 2633 3698 coepit
2662 3633 3053 3681 accrescere.

1047 4037 1054 4040 ’
1189 4038 1298 4104 XI.
1340 4036 1692 4105 CARMEN
1733 4037 1844 4103 DE
1889 4037 2090 4103 VITA
2127 4035 2199 4103 S.
2241 4036 2687 4103 BENEDICTI

1709 4170 1988 4240 Ctsupra,
2008 4185 2063 4239 p.
2083 4171 2169 4225 51.

775 4319 1027 4375 Numeris
1047 4319 1105 4375 in
1127 4320 1369 4389 margine
1393 4320 1586 4389 positis
1607 4319 1937 4376 remittimus
1958 4320 2031 4374 ad
2053 4319 2294 4388 Gregorii
2337 4318 2515 4389 Magni
2554 4318 2818 4384 libellum,
2862 4318 2944 4375 uti
2988 4325 3082 4376 δὲ
3123 4322 3203 4381 in

625 4398 631 4403 “
710 4414 945 4485 apicula
966 4414 1169 4470 divisus
1191 4416 1249 4471 in
1272 4418 1388 4471 Aa.
1411 4418 1522 4481 ss„
1543 4416 1699 4471 um
1719 4421 1759 4471 t.
1775 4415 1877 4514 ΠΒ
1892 4432 1945 4486 p.
1967 4415 2067 4471 277
2085 4432 2202 4485 sqq.

234 4707 634 4798 'ornem

381 4825 556 4895 1.ss

408 4925 512 4995 ιε

1124 4585 1475 4657 mineus
1514 4557 1592 4644 tin
1633 4585 1876 4672 vum
1916 4587 1989 4646 s.
2035 4582 2401 4645 amomon
2440 4568 2753 4644 numus.

1041 4710 1223 4777 Haec
1249 4686 1403 4777 sunt
1429 4710 1644 4777 dilecti
1663 4731 1853 4777 sacra
1878 4716 2065 4794 gesta
2091 4712 2297 4794 patris
2327 4710 2678 4777 Benedicti.

1039 4810 1171 4876 Vas
1192 4810 1466 4907 solidat3
1493 4831 1761 4878 carnem
1788 4814 2057 4895 superat
2071 4811 2444 4895 ‘frangitque
2469 4829 2757 4885 venena:

1037 4910 1097 4976 N
1098 4914 1293 4977 utans
1309 4910 1608 4978 firmatur
1626 4915 1845 4996 petra;
1871 4910 2105 4995 pocula
2123 4911 2399 4994 praebet
2424 4928 2734 4989 amoena3
