<?xml version="1.0" encoding="UTF-8"?>
<!DOCTYPE html PUBLIC "-//W3C//DTD XHTML 1.0 Transitional//EN"
    "http://www.w3.org/TR/xhtml1/DTD/xhtml1-transitional.dtd">
<html xmlns="http://www.w3.org/1999/xhtml" xml:lang="en" lang="en">
 <head>
  <title>
</title>
<meta http-equiv="Content-Type" content="text/html;charset=utf-8" />
  <meta name='ocr-system' content='tesseract 3.04.00' />
  <meta name='ocr-capabilities' content='ocr_page ocr_carea ocr_par ocr_line ocrx_word'/>
</head>
<body>
  <div class='ocr_page' id='page_1' title='image "analectabolland01bollgoog_0140.png"; bbox 0 0 3487 5450; ppageno 0'>
   <div class='ocr_carea' id='block_1_1' title="bbox 757 542 2580 617">
    <p class='ocr_par' dir='ltr' id='par_1_1' title="bbox 757 542 2580 617">
     <span class='ocr_line' id='line_1_1' title="bbox 757 542 2580 617; baseline -0.005 0"><span class='ocrx_word' id='word_1_1' title='bbox 757 542 902 617; x_wconf 85' lang='lat'><strong>130</strong></span> <span class='ocrx_word' id='word_1_2' title='bbox 1393 560 1482 614; x_wconf 82' lang='lat' dir='ltr'><strong>nr.</strong></span> <span class='ocrx_word' id='word_1_3' title='bbox 1532 557 2084 614; x_wconf 70' lang='lat' dir='ltr'><strong>mmonomo</strong></span> <span class='ocrx_word' id='word_1_4' title='bbox 2132 556 2580 610; x_wconf 69' lang='lat' dir='ltr'><strong>wonrnanm.</strong></span> 
     </span>
    </p>
   </div>
   <div class='ocr_carea' id='block_1_2' title="bbox 727 748 3226 1816">
    <p class='ocr_par' dir='ltr' id='par_1_2' title="bbox 727 748 3226 1816">
     <span class='ocr_line' id='line_1_2' title="bbox 752 748 3217 820; baseline 0.001 -13"><span class='ocrx_word' id='word_1_5' title='bbox 752 752 1165 808; x_wconf 76' lang='lat' dir='ltr'><strong>translationem</strong></span> <span class='ocrx_word' id='word_1_6' title='bbox 1186 750 1338 806; x_wconf 88' lang='lat' dir='ltr'><strong>illam</strong></span> <span class='ocrx_word' id='word_1_7' title='bbox 1362 750 1451 819; x_wconf 91' lang='lat' dir='ltr'><strong>pio</strong></span> <span class='ocrx_word' id='word_1_8' title='bbox 1475 750 1715 820; x_wconf 81' lang='lat' dir='ltr'><strong>quodam</strong></span> <span class='ocrx_word' id='word_1_9' title='bbox 1746 749 1892 804; x_wconf 82' lang='lat' dir='ltr'><strong>furto</strong></span> <span class='ocrx_word' id='word_1_10' title='bbox 1932 748 2136 803; x_wconf 72' lang='lat' dir='ltr'><strong>factam</strong></span> <span class='ocrx_word' id='word_1_11' title='bbox 2167 764 2288 803; x_wconf 83' lang='lat' dir='ltr'><strong>esse</strong></span> <span class='ocrx_word' id='word_1_12' title='bbox 2333 752 2681 805; x_wconf 83' lang='lat' dir='ltr'><strong>commentus</strong></span> <span class='ocrx_word' id='word_1_13' title='bbox 2715 754 2815 806; x_wconf 68' lang='lat' dir='ltr'><strong>est.</strong></span> <span class='ocrx_word' id='word_1_14' title='bbox 2840 750 2995 807; x_wconf 83' lang='lat' dir='ltr'><strong>Hanc</strong></span> <span class='ocrx_word' id='word_1_15' title='bbox 3030 758 3217 809; x_wconf 85' lang='lat' dir='ltr'><strong>autem</strong></span> 
     </span>
     <span class='ocr_line' id='line_1_3' title="bbox 751 848 3219 918; baseline 0.001 -10"><span class='ocrx_word' id='word_1_16' title='bbox 751 869 960 908; x_wconf 88' lang='lat' dir='ltr'><strong>meram</strong></span> <span class='ocrx_word' id='word_1_17' title='bbox 997 868 1118 907; x_wconf 86' lang='lat' dir='ltr'><strong>esse</strong></span> <span class='ocrx_word' id='word_1_18' title='bbox 1140 851 1399 917; x_wconf 76' lang='lat' dir='ltr'><strong>fabulam,</strong></span> <span class='ocrx_word' id='word_1_19' title='bbox 1417 851 1594 905; x_wconf 88' lang='lat' dir='ltr'><strong>multa</strong></span> <span class='ocrx_word' id='word_1_20' title='bbox 1629 850 1942 905; x_wconf 90' lang='lat' dir='ltr'><strong>ostendunt.</strong></span> <span class='ocrx_word' id='word_1_21' title='bbox 1977 848 2162 903; x_wconf 83' lang='lat' dir='ltr'><strong>Primo</strong></span> <span class='ocrx_word' id='word_1_22' title='bbox 2195 849 2433 917; x_wconf 86' lang='lat' dir='ltr'><strong>quidem,</strong></span> <span class='ocrx_word' id='word_1_23' title='bbox 2456 849 2621 918; x_wconf 84' lang='lat' dir='ltr'><strong>quod,</strong></span> <span class='ocrx_word' id='word_1_24' title='bbox 2644 866 2773 905; x_wconf 90' lang='lat' dir='ltr'><strong>cum</strong></span> <span class='ocrx_word' id='word_1_25' title='bbox 2809 850 3219 916; x_wconf 63' lang='lat' dir='ltr'><strong>forestis-Cella</strong></span> 
     </span>
     <span class='ocr_line' id='line_1_4' title="bbox 753 949 3223 1024; baseline 0 -17"><span class='ocrx_word' id='word_1_26' title='bbox 753 953 858 1007; x_wconf 88' lang='lat' dir='ltr'><strong>sub</strong></span> <span class='ocrx_word' id='word_1_27' title='bbox 883 952 1097 1007; x_wconf 88' lang='lat' dir='ltr'><strong>dicione</strong></span> <span class='ocrx_word' id='word_1_28' title='bbox 1118 951 1334 1006; x_wconf 88' lang='lat' dir='ltr'><strong>abbatis</strong></span> <span class='ocrx_word' id='word_1_29' title='bbox 1369 949 1711 1005; x_wconf 86' lang='lat' dir='ltr'><strong>Centulensis</strong></span> <span class='ocrx_word' id='word_1_30' title='bbox 1746 953 1906 1016; x_wconf 81' lang='lat' dir='ltr'><strong>esset,</strong></span> <span class='ocrx_word' id='word_1_31' title='bbox 1945 964 2171 1003; x_wconf 86' lang='lat' dir='ltr'><strong>necesse</strong></span> <span class='ocrx_word' id='word_1_32' title='bbox 2210 965 2432 1017; x_wconf 87' lang='lat' dir='ltr'><strong>prorsus</strong></span> <span class='ocrx_word' id='word_1_33' title='bbox 2467 965 2581 1004; x_wconf 91' lang='lat' dir='ltr'><strong>non</strong></span> <span class='ocrx_word' id='word_1_34' title='bbox 2621 955 2739 1004; x_wconf 93' lang='lat' dir='ltr'><strong>erat</strong></span> <span class='ocrx_word' id='word_1_35' title='bbox 2769 951 2847 1006; x_wconf 87' lang='lat' dir='ltr'><strong>ita</strong></span> <span class='ocrx_word' id='word_1_36' title='bbox 2877 952 3021 1007; x_wconf 87' lang='lat' dir='ltr'><strong>clam</strong></span> <span class='ocrx_word' id='word_1_37' title='bbox 3055 958 3223 1024; x_wconf 86' lang='lat' dir='ltr'><strong>atque</strong></span> 
     </span>
     <span class='ocr_line' id='line_1_5' title="bbox 754 1049 3217 1121; baseline 0.001 -14"><span class='ocrx_word' id='word_1_38' title='bbox 754 1051 1021 1107; x_wconf 81' lang='lat' dir='ltr'><strong>violenter</strong></span> <span class='ocrx_word' id='word_1_39' title='bbox 1043 1050 1217 1106; x_wconf 86' lang='lat' dir='ltr'><strong>sancti</strong></span> <span class='ocrx_word' id='word_1_40' title='bbox 1239 1067 1435 1120; x_wconf 87' lang='lat' dir='ltr'><strong>corpus</strong></span> <span class='ocrx_word' id='word_1_41' title='bbox 1469 1050 1700 1105; x_wconf 75' lang='lat' dir='ltr'><strong>auterre.</strong></span> <span class='ocrx_word' id='word_1_42' title='bbox 1745 1050 2014 1114; x_wconf 90' lang='lat' dir='ltr'><strong>Secundo,</strong></span> <span class='ocrx_word' id='word_1_43' title='bbox 2036 1049 2183 1119; x_wconf 89' lang='lat' dir='ltr'><strong>quod</strong></span> <span class='ocrx_word' id='word_1_44' title='bbox 2223 1049 2491 1103; x_wconf 78' lang='lat' dir='ltr'><strong>narratori</strong></span> <span class='ocrx_word' id='word_1_45' title='bbox 2528 1055 2738 1116; x_wconf 87' lang='lat' dir='ltr'><strong>nostro,</strong></span> <span class='ocrx_word' id='word_1_46' title='bbox 2773 1056 2962 1121; x_wconf 77' lang='lat' dir='ltr'>utpote</span> <span class='ocrx_word' id='word_1_47' title='bbox 2986 1054 3217 1108; x_wconf 81' lang='lat' dir='ltr'><strong>Alcuino</strong></span> 
     </span>
     <span class='ocr_line' id='line_1_6' title="bbox 751 1148 3214 1220; baseline 0.001 -14"><span class='ocrx_word' id='word_1_48' title='bbox 751 1152 1058 1216; x_wconf 73' lang='lat' dir='ltr'><strong>recentiori,</strong></span> <span class='ocrx_word' id='word_1_49' title='bbox 1081 1150 1249 1205; x_wconf 82' lang='lat' dir='ltr'><strong>fidem</strong></span> <span class='ocrx_word' id='word_1_50' title='bbox 1266 1150 1445 1205; x_wconf 76' lang='lat' dir='ltr'><strong>facere</strong></span> <span class='ocrx_word' id='word_1_51' title='bbox 1470 1165 1583 1204; x_wconf 91' lang='lat' dir='ltr'><strong>non</strong></span> <span class='ocrx_word' id='word_1_52' title='bbox 1605 1165 1901 1219; x_wconf 89' lang='lat' dir='ltr'><strong>possumus</strong></span> <span class='ocrx_word' id='word_1_53' title='bbox 1935 1149 2032 1204; x_wconf 91' lang='lat' dir='ltr'><strong>ubi</strong></span> <span class='ocrx_word' id='word_1_54' title='bbox 2065 1148 2205 1204; x_wconf 88' lang='lat' dir='ltr'><strong>mira</strong></span> <span class='ocrx_word' id='word_1_55' title='bbox 2225 1149 2499 1219; x_wconf 78' lang='lat' dir='ltr'><strong>quaedam</strong></span> <span class='ocrx_word' id='word_1_56' title='bbox 2524 1156 2711 1205; x_wconf 88' lang='lat' dir='ltr'><strong>narrat</strong></span> <span class='ocrx_word' id='word_1_57' title='bbox 2727 1167 2869 1220; x_wconf 88' lang='lat' dir='ltr'><strong>quae</strong></span> <span class='ocrx_word' id='word_1_58' title='bbox 2891 1168 3006 1207; x_wconf 91' lang='lat' dir='ltr'><strong>non</strong></span> <span class='ocrx_word' id='word_1_59' title='bbox 3030 1154 3214 1209; x_wconf 86' lang='lat' dir='ltr'><strong>solum</strong></span> 
     </span>
     <span class='ocr_line' id='line_1_7' title="bbox 727 1247 3221 1319; baseline 0 -14"><span class='ocrx_word' id='word_1_60' title='bbox 727 1252 825 1305; x_wconf 81' lang='lat' dir='ltr'><strong>·ab</strong></span> <span class='ocrx_word' id='word_1_61' title='bbox 842 1250 1149 1319; x_wconf 82' lang='lat' dir='ltr'><strong>antiquiore</strong></span> <span class='ocrx_word' id='word_1_62' title='bbox 1168 1249 1431 1319; x_wconf 83' lang='lat' dir='ltr'><strong>scriptore</strong></span> <span class='ocrx_word' id='word_1_63' title='bbox 1472 1265 1585 1303; x_wconf 92' lang='lat' dir='ltr'><strong>non</strong></span> <span class='ocrx_word' id='word_1_64' title='bbox 1618 1252 1749 1303; x_wconf 88' lang='lat' dir='ltr'><strong>sunt</strong></span> <span class='ocrx_word' id='word_1_65' title='bbox 1786 1247 2000 1313; x_wconf 89' lang='lat' dir='ltr'><strong>tradita,</strong></span> <span class='ocrx_word' id='word_1_66' title='bbox 2023 1248 2119 1302; x_wconf 90' lang='lat' dir='ltr'><strong>sed</strong></span> <span class='ocrx_word' id='word_1_67' title='bbox 2160 1253 2216 1302; x_wconf 89' lang='lat' dir='ltr'><strong>et</strong></span> <span class='ocrx_word' id='word_1_68' title='bbox 2245 1248 2661 1304; x_wconf 83' lang='lat' dir='ltr'><strong>Centulensibus</strong></span> <span class='ocrx_word' id='word_1_69' title='bbox 2695 1249 2866 1304; x_wconf 88' lang='lat' dir='ltr'><strong>etiam</strong></span> <span class='ocrx_word' id='word_1_70' title='bbox 2901 1251 3221 1319; x_wconf 83' lang='lat' dir='ltr'><strong>posterioris</strong></span> 
     </span>
     <span class='ocr_line' id='line_1_8' title="bbox 755 1347 3219 1418; baseline 0.001 -14"><span class='ocrx_word' id='word_1_71' title='bbox 755 1350 962 1414; x_wconf 88' lang='lat' dir='ltr'><strong>aetatis,</strong></span> <span class='ocrx_word' id='word_1_72' title='bbox 973 1355 1037 1404; x_wconf 89' lang='lat' dir='ltr'><strong>ut</strong></span> <span class='ocrx_word' id='word_1_73' title='bbox 1058 1349 1242 1403; x_wconf 80' lang='lat' dir='ltr'><strong>videre</strong></span> <span class='ocrx_word' id='word_1_74' title='bbox 1260 1354 1343 1403; x_wconf 90' lang='lat' dir='ltr'><strong>est</strong></span> <span class='ocrx_word' id='word_1_75' title='bbox 1364 1349 1420 1403; x_wconf 88' lang='lat' dir='ltr'><strong>in</strong></span> <span class='ocrx_word' id='word_1_76' title='bbox 1445 1348 1815 1417; x_wconf 83' lang='lat' dir='ltr'><strong>Angelramno</strong></span> <span class='ocrx_word' id='word_1_77' title='bbox 1849 1353 1908 1402; x_wconf 84' lang='lat' dir='ltr'><strong>et</strong></span> <span class='ocrx_word' id='word_1_78' title='bbox 1937 1347 2201 1412; x_wconf 81' lang='lat' dir='ltr'><strong>Hariult&#39;o,</strong></span> <span class='ocrx_word' id='word_1_79' title='bbox 2230 1352 2545 1403; x_wconf 79' lang='lat' dir='ltr'><strong>manserant</strong></span> <span class='ocrx_word' id='word_1_80' title='bbox 2581 1347 2874 1418; x_wconf 88' lang='lat' dir='ltr'><strong>incognita.</strong></span> <span class='ocrx_word' id='word_1_81' title='bbox 2911 1349 3095 1405; x_wconf 87' lang='lat' dir='ltr'><strong>Tertio</strong></span> <span class='ocrx_word' id='word_1_82' title='bbox 3130 1352 3219 1406; x_wconf 78' lang='lat' dir='ltr'><strong>vix</strong></span> 
     </span>
     <span class='ocr_line' id='line_1_9' title="bbox 762 1439 3223 1517; baseline 0 -14"><span class='ocrx_word' id='word_1_83' title='bbox 762 1449 1030 1504; x_wconf 82' lang='lat' dir='ltr'><strong>dubitabit</strong></span> <span class='ocrx_word' id='word_1_84' title='bbox 1051 1439 1134 1502; x_wconf 66' lang='lat' dir='ltr'><strong>&#39;vir</strong></span> <span class='ocrx_word' id='word_1_85' title='bbox 1167 1448 1367 1502; x_wconf 88' lang='lat' dir='ltr'><strong>barum</strong></span> <span class='ocrx_word' id='word_1_86' title='bbox 1408 1463 1596 1502; x_wconf 88' lang='lat' dir='ltr'><strong>rerum</strong></span> <span class='ocrx_word' id='word_1_87' title='bbox 1618 1462 1838 1515; x_wconf 85' lang='lat' dir='ltr'><strong>gnarus,</strong></span> <span class='ocrx_word' id='word_1_88' title='bbox 1862 1446 1994 1516; x_wconf 85' lang='lat' dir='ltr'><strong>quin</strong></span> <span class='ocrx_word' id='word_1_89' title='bbox 2026 1446 2166 1501; x_wconf 89' lang='lat' dir='ltr'><strong>haec</strong></span> <span class='ocrx_word' id='word_1_90' title='bbox 2205 1446 2277 1501; x_wconf 90' lang='lat' dir='ltr'><strong>sit</strong></span> <span class='ocrx_word' id='word_1_91' title='bbox 2320 1447 2548 1515; x_wconf 84' lang='lat' dir='ltr'><strong>legenda</strong></span> <span class='ocrx_word' id='word_1_92' title='bbox 2580 1448 2868 1517; x_wconf 79' lang='lat' dir='ltr'><strong>quaedam,</strong></span> <span class='ocrx_word' id='word_1_93' title='bbox 2907 1454 2966 1503; x_wconf 88' lang='lat' dir='ltr'><strong>nt</strong></span> <span class='ocrx_word' id='word_1_94' title='bbox 3003 1450 3223 1517; x_wconf 86' lang='lat' dir='ltr'><strong>dicitur,</strong></span> 
     </span>
     <span class='ocr_line' id='line_1_10' title="bbox 759 1545 3223 1618; baseline -0 -14"><span class='ocrx_word' id='word_1_95' title='bbox 759 1550 784 1575; x_wconf 82' lang='lat'>⁸</span> <span class='ocrx_word' id='word_1_96' title='bbox 812 1548 1173 1618; x_wconf 77' lang='lat' dir='ltr'><strong>etymologica</strong></span> <span class='ocrx_word' id='word_1_97' title='bbox 1200 1547 1383 1614; x_wconf 87' lang='lat' dir='ltr'><strong>„ideo</strong></span> <span class='ocrx_word' id='word_1_98' title='bbox 1406 1562 1607 1616; x_wconf 88' lang='lat' dir='ltr'><strong>nempe</strong></span> <span class='ocrx_word' id='word_1_99' title='bbox 1622 1546 1822 1616; x_wconf 82' lang='lat' dir='ltr'><strong>scripta</strong></span> <span class='ocrx_word' id='word_1_100' title='bbox 1844 1552 1903 1601; x_wconf 91' lang='lat' dir='ltr'><strong>ut</strong></span> <span class='ocrx_word' id='word_1_101' title='bbox 1918 1545 2321 1616; x_wconf 85' lang='lat' dir='ltr'><strong>explicarentur</strong></span> <span class='ocrx_word' id='word_1_102' title='bbox 2343 1547 2571 1602; x_wconf 89' lang='lat' dir='ltr'><strong>nomina</strong></span> <span class='ocrx_word' id='word_1_103' title='bbox 2593 1548 2845 1602; x_wconf 80' lang='lat' dir='ltr'><strong>vicorum</strong></span> <span class='ocrx_word' id='word_1_104' title='bbox 2868 1550 3059 1603; x_wconf 60' lang='lat' dir='ltr'><strong>Nubat·</strong></span> <span class='ocrx_word' id='word_1_105' title='bbox 3082 1567 3223 1604; x_wconf 77' lang='lat' dir='ltr'><strong>mon·</strong></span> 
     </span>
     <span class='ocr_line' id='line_1_11' title="bbox 756 1646 3223 1715; baseline -0 -12"><span class='ocrx_word' id='word_1_106' title='bbox 756 1651 831 1704; x_wconf 72' lang='lat' dir='ltr'><strong>tis</strong></span> <span class='ocrx_word' id='word_1_107' title='bbox 864 1653 921 1702; x_wconf 91' lang='lat' dir='ltr'><strong>et</strong></span> <span class='ocrx_word' id='word_1_108' title='bbox 963 1650 1119 1703; x_wconf 80' lang='lat' dir='ltr'><strong>Clari</strong></span> <span class='ocrx_word' id='word_1_109' title='bbox 1152 1650 1367 1701; x_wconf 68' lang='lat' dir='ltr'><strong>naoratis.</strong></span> <span class='ocrx_word' id='word_1_110' title='bbox 1410 1647 1596 1715; x_wconf 85' lang='lat' dir='ltr'><strong>Neque</strong></span> <span class='ocrx_word' id='word_1_111' title='bbox 1637 1646 2002 1701; x_wconf 88' lang='lat' dir='ltr'><strong>omittendum</strong></span> <span class='ocrx_word' id='word_1_112' title='bbox 2037 1651 2119 1701; x_wconf 86' lang='lat' dir='ltr'><strong>est</strong></span> <span class='ocrx_word' id='word_1_113' title='bbox 2156 1646 2264 1700; x_wconf 90' lang='lat' dir='ltr'><strong>alia</strong></span> <span class='ocrx_word' id='word_1_114' title='bbox 2303 1647 2468 1701; x_wconf 83' lang='lat' dir='ltr'><strong>simili</strong></span> <span class='ocrx_word' id='word_1_115' title='bbox 2506 1647 2738 1715; x_wconf 90' lang='lat' dir='ltr'><strong>legenda</strong></span> <span class='ocrx_word' id='word_1_116' title='bbox 2777 1648 2847 1701; x_wconf 86' lang='lat' dir='ltr'><strong>ab</strong></span> <span class='ocrx_word' id='word_1_117' title='bbox 2882 1648 3127 1703; x_wconf 81' lang='lat' dir='ltr'><strong>Hariull&#39;o</strong></span> <span class='ocrx_word' id='word_1_118' title='bbox 3150 1649 3223 1715; x_wconf 90' lang='lat'><strong>(1)</strong></span> 
     </span>
     <span class='ocr_line' id='line_1_12' title="bbox 762 1744 3226 1816; baseline 0 -15"><span class='ocrx_word' id='word_1_119' title='bbox 762 1747 1020 1816; x_wconf 82' lang='lat' dir='ltr'><strong>explicari</strong></span> <span class='ocrx_word' id='word_1_120' title='bbox 1051 1762 1256 1800; x_wconf 90' lang='lat' dir='ltr'><strong>nomen</strong></span> <span class='ocrx_word' id='word_1_121' title='bbox 1283 1747 1474 1800; x_wconf 73' lang='lat' dir='ltr'><strong>Nubilu’</strong></span> <span class='ocrx_word' id='word_1_122' title='bbox 1510 1748 1722 1808; x_wconf 71' lang='lat' dir='ltr'><strong>montis,</strong></span> <span class='ocrx_word' id='word_1_123' title='bbox 1746 1745 1903 1800; x_wconf 90' lang='lat' dir='ltr'><strong>cuius</strong></span> <span class='ocrx_word' id='word_1_124' title='bbox 1934 1749 2121 1800; x_wconf 86' lang='lat' dir='ltr'><strong>tamen</strong></span> <span class='ocrx_word' id='word_1_125' title='bbox 2144 1744 2405 1814; x_wconf 76' lang='lat' dir='ltr'><strong>originem</strong></span> <span class='ocrx_word' id='word_1_126' title='bbox 2443 1762 2556 1800; x_wconf 91' lang='lat' dir='ltr'><strong>non</strong></span> <span class='ocrx_word' id='word_1_127' title='bbox 2590 1763 2625 1801; x_wconf 90' lang='lat' dir='ltr'><strong>a</strong></span> <span class='ocrx_word' id='word_1_128' title='bbox 2659 1747 3014 1802; x_wconf 85' lang='lat' dir='ltr'><strong>translatione</strong></span> <span class='ocrx_word' id='word_1_129' title='bbox 3046 1748 3226 1816; x_wconf 88' lang='lat' dir='ltr'><strong>prima</strong></span> 
     </span>
    </p>
   </div>
   <div class='ocr_carea' id='block_1_3' title="bbox 758 1844 3225 2014">
    <p class='ocr_par' dir='ltr' id='par_1_3' title="bbox 758 1844 3225 2014">
     <span class='ocr_line' id='line_1_13' title="bbox 761 1844 3225 1915; baseline 0.001 -16"><span class='ocrx_word' id='word_1_130' title='bbox 761 1846 815 1900; x_wconf 89' lang='lat' dir='ltr'><strong>S.</strong></span> <span class='ocrx_word' id='word_1_131' title='bbox 839 1845 1098 1910; x_wconf 81' lang='lat' dir='ltr'><strong>Richarii,</strong></span> <span class='ocrx_word' id='word_1_132' title='bbox 1121 1861 1264 1914; x_wconf 90' lang='lat' dir='ltr'><strong>quae</strong></span> <span class='ocrx_word' id='word_1_133' title='bbox 1283 1860 1427 1900; x_wconf 87' lang='lat' dir='ltr'><strong>saec.</strong></span> <span class='ocrx_word' id='word_1_134' title='bbox 1445 1844 1543 1900; x_wconf 82' lang='lat' dir='ltr'><strong>Vn</strong></span> <span class='ocrx_word' id='word_1_135' title='bbox 1564 1844 1707 1899; x_wconf 77' lang='lat' dir='ltr'><strong>sacta</strong></span> <span class='ocrx_word' id='word_1_136' title='bbox 1737 1849 1834 1908; x_wconf 85' lang='lat' dir='ltr'><strong>est,</strong></span> <span class='ocrx_word' id='word_1_137' title='bbox 1850 1844 1947 1899; x_wconf 81' lang='lat' dir='ltr'><strong>sed</strong></span> <span class='ocrx_word' id='word_1_138' title='bbox 1970 1844 2040 1897; x_wconf 85' lang='lat' dir='ltr'><strong>ab</strong></span> <span class='ocrx_word' id='word_1_139' title='bbox 2057 1844 2166 1898; x_wconf 88' lang='lat' dir='ltr'><strong>alia</strong></span> <span class='ocrx_word' id='word_1_140' title='bbox 2197 1844 2572 1911; x_wconf 87' lang='lat' dir='ltr'><strong>translatione,</strong></span> <span class='ocrx_word' id='word_1_141' title='bbox 2592 1862 2735 1914; x_wconf 89' lang='lat' dir='ltr'><strong>quae</strong></span> <span class='ocrx_word' id='word_1_142' title='bbox 2750 1862 2894 1900; x_wconf 88' lang='lat' dir='ltr'><strong>saec.</strong></span> <span class='ocrx_word' id='word_1_143' title='bbox 2910 1845 2959 1899; x_wconf 83' lang='lat' dir='ltr'>X</span> <span class='ocrx_word' id='word_1_144' title='bbox 2984 1847 3225 1915; x_wconf 76' lang='lat' dir='ltr'><strong>contigit,</strong></span> 
     </span>
     <span class='ocr_line' id='line_1_14' title="bbox 758 1946 1187 2014; baseline -0.005 -14"><span class='ocrx_word' id='word_1_145' title='bbox 758 1946 952 2014; x_wconf 88' lang='lat' dir='ltr'><strong>repetit</strong></span> <span class='ocrx_word' id='word_1_146' title='bbox 973 1950 1187 1999; x_wconf 88' lang='lat' dir='ltr'><strong>auctor.</strong></span> 
     </span>
    </p>
   </div>
   <div class='ocr_carea' id='block_1_4' title="bbox 966 2159 3024 2233">
    <p class='ocr_par' dir='ltr' id='par_1_4' title="bbox 966 2159 3024 2233">
     <span class='ocr_line' id='line_1_15' title="bbox 966 2159 3024 2233; baseline 0 -11"><span class='ocrx_word' id='word_1_147' title='bbox 966 2162 1379 2222; x_wconf 69' lang='lat' dir='ltr'><strong>&#39;translatio</strong></span> <span class='ocrx_word' id='word_1_148' title='bbox 1425 2160 1659 2221; x_wconf 81' lang='lat' dir='ltr'><strong>sancti</strong></span> <span class='ocrx_word' id='word_1_149' title='bbox 1701 2159 2028 2221; x_wconf 72' lang='lat' dir='ltr'><strong>Richaril</strong></span> <span class='ocrx_word' id='word_1_150' title='bbox 2069 2160 2380 2233; x_wconf 76' lang='lat' dir='ltr'><strong>episcopt</strong></span> <span class='ocrx_word' id='word_1_151' title='bbox 2421 2163 2495 2220; x_wconf 85' lang='lat' dir='ltr'><strong>et</strong></span> <span class='ocrx_word' id='word_1_152' title='bbox 2535 2162 2962 2223; x_wconf 81' lang='lat' dir='ltr'><strong>confessoris</strong></span> <span class='ocrx_word' id='word_1_153' title='bbox 2981 2161 3024 2223; x_wconf 88' lang='lat'><strong>¹.</strong></span> 
     </span>
    </p>
   </div>
   <div class='ocr_carea' id='block_1_5' title="bbox 757 2337 3333 4018">
    <p class='ocr_par' dir='ltr' id='par_1_5' title="bbox 757 2337 3324 3516">
     <span class='ocr_line' id='line_1_16' title="bbox 847 2337 3226 2422; baseline 0.001 -18"><span class='ocrx_word' id='word_1_154' title='bbox 847 2348 911 2404; x_wconf 84' lang='lat'><strong>1.</strong></span> <span class='ocrx_word' id='word_1_155' title='bbox 943 2339 1302 2422; x_wconf 90' lang='lat' dir='ltr'><strong>Postquam</strong></span> <span class='ocrx_word' id='word_1_156' title='bbox 1329 2338 1522 2421; x_wconf 87' lang='lat' dir='ltr'><strong>igitur</strong></span> <span class='ocrx_word' id='word_1_157' title='bbox 1549 2337 1686 2403; x_wconf 92' lang='lat' dir='ltr'><strong>Deo</strong></span> <span class='ocrx_word' id='word_1_158' title='bbox 1714 2337 2001 2402; x_wconf 87' lang='lat' dir='ltr'><strong>militans</strong></span> <span class='ocrx_word' id='word_1_159' title='bbox 2034 2337 2105 2402; x_wconf 90' lang='lat' dir='ltr'><strong>in</strong></span> <span class='ocrx_word' id='word_1_160' title='bbox 2144 2337 2404 2403; x_wconf 88' lang='lat' dir='ltr'><strong>saeculo</strong></span> <span class='ocrx_word' id='word_1_161' title='bbox 2440 2338 2616 2403; x_wconf 88' lang='lat' dir='ltr'><strong>iure¹</strong></span> <span class='ocrx_word' id='word_1_162' title='bbox 2645 2339 2951 2405; x_wconf 87' lang='lat' dir='ltr'><strong>sacerdos</strong></span> <span class='ocrx_word' id='word_1_163' title='bbox 2997 2359 3226 2406; x_wconf 88' lang='lat' dir='ltr'><strong>saecu-</strong></span> 
     </span>
     <span class='ocr_line' id='line_1_17' title="bbox 757 2437 3223 2524; baseline 0.001 -22"><span class='ocrx_word' id='word_1_164' title='bbox 757 2437 911 2504; x_wconf 89' lang='lat' dir='ltr'><strong>laris</strong></span> <span class='ocrx_word' id='word_1_165' title='bbox 938 2438 1263 2504; x_wconf 85' lang='lat' dir='ltr'><strong>sarcinam</strong></span> <span class='ocrx_word' id='word_1_166' title='bbox 1289 2438 1505 2520; x_wconf 88' lang='lat' dir='ltr'><strong>posuit</strong></span> <span class='ocrx_word' id='word_1_167' title='bbox 1533 2437 1899 2503; x_wconf 85' lang='lat' dir='ltr'><strong>indumenti</strong></span> <span class='ocrx_word' id='word_1_168' title='bbox 1928 2441 1992 2502; x_wconf 92' lang='lat' dir='ltr'><strong>et</strong></span> <span class='ocrx_word' id='word_1_169' title='bbox 2011 2437 2277 2502; x_wconf 83' lang='lat' dir='ltr'><strong>ianuam</strong></span> <span class='ocrx_word' id='word_1_170' title='bbox 2304 2438 2491 2521; x_wconf 86' lang='lat' dir='ltr'><strong>petiit</strong></span> <span class='ocrx_word' id='word_1_171' title='bbox 2511 2438 2819 2521; x_wconf 82' lang='lat' dir='ltr'><strong>paradisi,</strong></span> <span class='ocrx_word' id='word_1_172' title='bbox 2842 2438 2910 2503; x_wconf 90' lang='lat' dir='ltr'><strong>in</strong></span> <span class='ocrx_word' id='word_1_173' title='bbox 2937 2438 3081 2505; x_wconf 86' lang='lat' dir='ltr'><strong>loco</strong></span> <span class='ocrx_word' id='word_1_174' title='bbox 3112 2440 3223 2524; x_wconf 87' lang='lat' dir='ltr'><strong>qui</strong></span> 
     </span>
     <span class='ocr_line' id='line_1_18' title="bbox 760 2536 3223 2620; baseline 0 -16"><span class='ocrx_word' id='word_1_175' title='bbox 760 2538 1076 2604; x_wconf 88' lang='lat' dir='ltr'><strong>hactenus</strong></span> <span class='ocrx_word' id='word_1_176' title='bbox 1119 2537 1460 2602; x_wconf 81' lang='lat' dir='ltr'><strong>Forestum</strong></span> <span class='ocrx_word' id='word_1_177' title='bbox 1502 2537 1755 2616; x_wconf 84' lang='lat' dir='ltr'><strong>dicitur,</strong></span> <span class='ocrx_word' id='word_1_178' title='bbox 1808 2536 1875 2601; x_wconf 93' lang='lat' dir='ltr'><strong>in</strong></span> <span class='ocrx_word' id='word_1_179' title='bbox 1931 2556 2060 2619; x_wconf 85' lang='lat' dir='ltr'><strong>quo</strong></span> <span class='ocrx_word' id='word_1_180' title='bbox 2129 2538 2310 2620; x_wconf 88' lang='lat' dir='ltr'><strong>prius</strong></span> <span class='ocrx_word' id='word_1_181' title='bbox 2379 2557 2528 2602; x_wconf 87' lang='lat' dir='ltr'><strong>cum</strong></span> <span class='ocrx_word' id='word_1_182' title='bbox 2597 2537 3033 2603; x_wconf 89' lang='lat' dir='ltr'><strong>commilitone</strong></span> <span class='ocrx_word' id='word_1_183' title='bbox 3105 2559 3223 2604; x_wconf 88' lang='lat' dir='ltr'><strong>suo</strong></span> 
     </span>
     <span class='ocr_line' id='line_1_19' title="bbox 766 2635 3287 2721; baseline 0.002 -20"><span class='ocrx_word' id='word_1_184' title='bbox 766 2638 1029 2702; x_wconf 90' lang='lat' dir='ltr'><strong>nomine</strong></span> <span class='ocrx_word' id='word_1_185' title='bbox 1069 2635 1466 2719; x_wconf 79' lang='lat' dir='ltr'><strong>Sigobardo²</strong></span> <span class='ocrx_word' id='word_1_186' title='bbox 1511 2636 1711 2702; x_wconf 89' lang='lat' dir='ltr'><strong>eremi</strong></span> <span class='ocrx_word' id='word_1_187' title='bbox 1749 2635 1940 2719; x_wconf 87' lang='lat' dir='ltr'><strong>petiit</strong></span> <span class='ocrx_word' id='word_1_188' title='bbox 1987 2636 2383 2713; x_wconf 83' lang='lat' dir='ltr'><strong>vastitatem,</strong></span> <span class='ocrx_word' id='word_1_189' title='bbox 2429 2636 2513 2700; x_wconf 87' lang='lat' dir='ltr'><strong>ab</strong></span> <span class='ocrx_word' id='word_1_190' title='bbox 2557 2636 2701 2719; x_wconf 90' lang='lat' dir='ltr'><strong>ipso</strong></span> <span class='ocrx_word' id='word_1_191' title='bbox 2743 2650 2863 2703; x_wconf 87' lang='lat' dir='ltr'><strong>suo</strong></span> <span class='ocrx_word' id='word_1_192' title='bbox 2912 2638 3227 2721; x_wconf 85' lang='lat' dir='ltr'><strong>discipulo</strong></span> <span class='ocrx_word' id='word_1_193' title='bbox 3256 2660 3287 2708; x_wconf 72' lang='lat' dir='ltr'><strong>a</strong></span> 
     </span>
     <span class='ocr_line' id='line_1_20' title="bbox 766 2735 3228 2820; baseline 0.002 -20"><span class='ocrx_word' id='word_1_194' title='bbox 766 2735 1025 2819; x_wconf 81' lang='lat' dir='ltr'><strong>dignam</strong></span> <span class='ocrx_word' id='word_1_195' title='bbox 1070 2737 1337 2801; x_wconf 85' lang='lat' dir='ltr'><strong>sortitus</strong></span> <span class='ocrx_word' id='word_1_196' title='bbox 1395 2741 1495 2801; x_wconf 89' lang='lat' dir='ltr'><strong>est</strong></span> <span class='ocrx_word' id='word_1_197' title='bbox 1544 2736 1967 2819; x_wconf 87' lang='lat' dir='ltr'><strong>sepulturam.</strong></span> <span class='ocrx_word' id='word_1_198' title='bbox 2010 2736 2138 2801; x_wconf 84' lang='lat' dir='ltr'><strong>Ubi</strong></span> <span class='ocrx_word' id='word_1_199' title='bbox 2193 2756 2312 2819; x_wconf 88' lang='lat' dir='ltr'><strong>per</strong></span> <span class='ocrx_word' id='word_1_200' title='bbox 2356 2736 2620 2819; x_wconf 83' lang='lat' dir='ltr'><strong>aliquod</strong></span> <span class='ocrx_word' id='word_1_201' title='bbox 2675 2742 2935 2820; x_wconf 88' lang='lat' dir='ltr'><strong>tempus</strong></span> <span class='ocrx_word' id='word_1_202' title='bbox 2992 2742 3228 2804; x_wconf 85' lang='lat' dir='ltr'><strong>sancta</strong></span> 
     </span>
     <span class='ocr_line' id='line_1_21' title="bbox 760 2836 3227 2920; baseline 0.002 -19"><span class='ocrx_word' id='word_1_203' title='bbox 760 2837 1008 2902; x_wconf 81' lang='lat' dir='ltr'><strong>viscera</strong></span> <span class='ocrx_word' id='word_1_204' title='bbox 1054 2837 1376 2903; x_wconf 85' lang='lat' dir='ltr'><strong>tumulata</strong></span> <span class='ocrx_word' id='word_1_205' title='bbox 1418 2837 1824 2920; x_wconf 86' lang='lat' dir='ltr'><strong>quiescentes</strong></span> <span class='ocrx_word' id='word_1_206' title='bbox 1836 2837 1881 2915; x_wconf 78' lang='lat'><strong>³,</strong></span> <span class='ocrx_word' id='word_1_207' title='bbox 1911 2837 2303 2902; x_wconf 80' lang='lat' dir='ltr'><strong>oratorium‘</strong></span> <span class='ocrx_word' id='word_1_208' title='bbox 2360 2836 2583 2902; x_wconf 85' lang='lat' dir='ltr'><strong>fideles</strong></span> <span class='ocrx_word' id='word_1_209' title='bbox 2627 2837 2872 2902; x_wconf 87' lang='lat' dir='ltr'><strong>ibidem</strong></span> <span class='ocrx_word' id='word_1_210' title='bbox 2922 2840 3227 2905; x_wconf 84' lang='lat' dir='ltr'><strong>struxere</strong></span> 
     </span>
     <span class='ocr_line' id='line_1_22' title="bbox 764 2934 3229 3019; baseline 0.002 -19"><span class='ocrx_word' id='word_1_211' title='bbox 764 2934 1090 3018; x_wconf 65' lang='lat' dir='ltr'><strong>degentes</strong></span> <span class='ocrx_word' id='word_1_212' title='bbox 1140 2936 1382 3001; x_wconf 88' lang='lat' dir='ltr'><strong>Verum</strong></span> <span class='ocrx_word' id='word_1_213' title='bbox 1429 2935 1773 3001; x_wconf 74' lang='lat' dir='ltr'><strong>volvente⁸</strong></span> <span class='ocrx_word' id='word_1_214' title='bbox 1815 2936 2129 3019; x_wconf 89' lang='lat' dir='ltr'><strong>temporis</strong></span> <span class='ocrx_word' id='word_1_215' title='bbox 2177 2939 2343 3013; x_wconf 86' lang='lat' dir='ltr'><strong>rota,</strong></span> <span class='ocrx_word' id='word_1_216' title='bbox 2372 2956 2521 3001; x_wconf 86' lang='lat' dir='ltr'><strong>cum</strong></span> <span class='ocrx_word' id='word_1_217' title='bbox 2561 2935 2874 3001; x_wconf 92' lang='lat' dir='ltr'><strong>Dominus</strong></span> <span class='ocrx_word' id='word_1_218' title='bbox 2924 2942 3229 3005; x_wconf 85' lang='lat' dir='ltr'><strong>sanctum</strong></span> 
     </span>
     <span class='ocr_line' id='line_1_23' title="bbox 765 3035 3232 3114; baseline 0.002 -14"><span class='ocrx_word' id='word_1_219' title='bbox 765 3055 980 3114; x_wconf 83' lang='lat' dir='ltr'><strong>suum,</strong></span> <span class='ocrx_word' id='word_1_220' title='bbox 1004 3036 1182 3100; x_wconf 84' lang='lat' dir='ltr'><strong>euius</strong></span> <span class='ocrx_word' id='word_1_221' title='bbox 1205 3041 1378 3101; x_wconf 90' lang='lat' dir='ltr'><strong>esset</strong></span> <span class='ocrx_word' id='word_1_222' title='bbox 1420 3035 1652 3114; x_wconf 85' lang='lat' dir='ltr'><strong>meriti,</strong></span> <span class='ocrx_word' id='word_1_223' title='bbox 1698 3035 2037 3100; x_wconf 88' lang='lat' dir='ltr'><strong>enucleare</strong></span> <span class='ocrx_word' id='word_1_224' title='bbox 2079 3035 2405 3113; x_wconf 83' lang='lat' dir='ltr'><strong>voluisset,</strong></span> <span class='ocrx_word' id='word_1_225' title='bbox 2437 3035 2653 3100; x_wconf 89' lang='lat' dir='ltr'><strong>subito</strong></span> <span class='ocrx_word' id='word_1_226' title='bbox 2696 3035 2957 3101; x_wconf 87' lang='lat' dir='ltr'><strong>cuidam</strong></span> <span class='ocrx_word' id='word_1_227' title='bbox 2988 3036 3232 3103; x_wconf 90' lang='lat' dir='ltr'><strong>Centu-</strong></span> 
     </span>
     <span class='ocr_line' id='line_1_24' title="bbox 757 3134 3324 3213; baseline 0.002 -14"><span class='ocrx_word' id='word_1_228' title='bbox 757 3134 982 3205; x_wconf 35' lang='lat' dir='ltr'><strong>,lense⁸</strong></span> <span class='ocrx_word' id='word_1_229' title='bbox 1037 3135 1321 3200; x_wconf 67' lang='lat' dir='ltr'><strong>abbate²</strong></span> <span class='ocrx_word' id='word_1_230' title='bbox 1368 3135 1631 3200; x_wconf 89' lang='lat' dir='ltr'><strong>nomine</strong></span> <span class='ocrx_word' id='word_1_231' title='bbox 1683 3134 1992 3199; x_wconf 85' lang='lat' dir='ltr'><strong>Oeioaldo</strong></span> <span class='ocrx_word' id='word_1_232' title='bbox 2033 3135 2211 3199; x_wconf 80' lang='lat' dir='ltr'><strong>venit</strong></span> <span class='ocrx_word' id='word_1_233' title='bbox 2261 3134 2331 3199; x_wconf 90' lang='lat' dir='ltr'><strong>in</strong></span> <span class='ocrx_word' id='word_1_234' title='bbox 2375 3138 2666 3199; x_wconf 86' lang='lat' dir='ltr'><strong>mentem</strong></span> <span class='ocrx_word' id='word_1_235' title='bbox 2712 3139 2786 3200; x_wconf 89' lang='lat' dir='ltr'><strong>ut</strong></span> <span class='ocrx_word' id='word_1_236' title='bbox 2839 3135 3226 3203; x_wconf 88' lang='lat' dir='ltr'><strong>thesaurum</strong></span> <span class='ocrx_word' id='word_1_237' title='bbox 3265 3165 3324 3213; x_wconf 73' lang='grc' dir='ltr'><strong>ω</strong></span> 
     </span>
     <span class='ocr_line' id='line_1_25' title="bbox 764 3233 3232 3317; baseline 0.002 -20"><span class='ocrx_word' id='word_1_238' title='bbox 764 3234 1338 3316; x_wconf 86' lang='lat' dir='ltr'><strong>incomparabilem</strong></span> <span class='ocrx_word' id='word_1_239' title='bbox 1351 3234 1396 3311; x_wconf 85' lang='lat'><strong>⁸,</strong></span> <span class='ocrx_word' id='word_1_240' title='bbox 1441 3253 1677 3316; x_wconf 89' lang='lat' dir='ltr'><strong>corpus</strong></span> <span class='ocrx_word' id='word_1_241' title='bbox 1720 3234 1960 3299; x_wconf 86' lang='lat' dir='ltr'><strong>scilicet</strong></span> <span class='ocrx_word' id='word_1_242' title='bbox 2000 3233 2228 3312; x_wconf 86' lang='lat' dir='ltr'><strong>sancti,</strong></span> <span class='ocrx_word' id='word_1_243' title='bbox 2258 3252 2519 3317; x_wconf 85' lang='lat' dir='ltr'><strong>quoquo</strong></span> <span class='ocrx_word' id='word_1_244' title='bbox 2547 3238 2742 3316; x_wconf 84' lang='lat' dir='ltr'><strong>pacto</strong></span> <span class='ocrx_word' id='word_1_245' title='bbox 2770 3235 3113 3316; x_wconf 86' lang='lat' dir='ltr'><strong>potuisset,</strong></span> <span class='ocrx_word' id='word_1_246' title='bbox 3143 3235 3232 3302; x_wconf 88' lang='lat' dir='ltr'><strong>ad</strong></span> 
     </span>
     <span class='ocr_line' id='line_1_26' title="bbox 766 3331 3230 3417; baseline 0.002 -20"><span class='ocrx_word' id='word_1_247' title='bbox 766 3331 1154 3398; x_wconf 88' lang='lat' dir='ltr'><strong>Centulense</strong></span> <span class='ocrx_word' id='word_1_248' title='bbox 1184 3332 1464 3397; x_wconf 88' lang='lat' dir='ltr'><strong>deferret</strong></span> <span class='ocrx_word' id='word_1_249' title='bbox 1494 3332 1899 3398; x_wconf 87' lang='lat' dir='ltr'><strong>coenobium.</strong></span> <span class='ocrx_word' id='word_1_250' title='bbox 1944 3332 2141 3399; x_wconf 89' lang='lat' dir='ltr'><strong>Cuius</strong></span> <span class='ocrx_word' id='word_1_251' title='bbox 2171 3352 2345 3411; x_wconf 84' lang='lat' dir='ltr'><strong>mox,</strong></span> <span class='ocrx_word' id='word_1_252' title='bbox 2390 3333 2546 3415; x_wconf 79' lang='lat' dir='ltr'><strong>quia</strong></span> <span class='ocrx_word' id='word_1_253' title='bbox 2583 3334 2721 3398; x_wconf 90' lang='lat' dir='ltr'><strong>eius</strong></span> <span class='ocrx_word' id='word_1_254' title='bbox 2749 3334 2935 3417; x_wconf 87' lang='lat' dir='ltr'><strong>pium</strong></span> <span class='ocrx_word' id='word_1_255' title='bbox 2977 3336 3230 3401; x_wconf 84' lang='lat' dir='ltr'><strong>exstitit</strong></span> 
     </span>
     <span class='ocr_line' id='line_1_27' title="bbox 766 3431 2869 3516; baseline 0.001 -20"><span class='ocrx_word' id='word_1_256' title='bbox 766 3436 1011 3509; x_wconf 80' lang='lat' dir='ltr'><strong>votum,</strong></span> <span class='ocrx_word' id='word_1_257' title='bbox 1043 3433 1128 3497; x_wconf 92' lang='lat' dir='ltr'><strong>ad</strong></span> <span class='ocrx_word' id='word_1_258' title='bbox 1151 3431 1445 3511; x_wconf 86' lang='lat' dir='ltr'><strong>celerem,</strong></span> <span class='ocrx_word' id='word_1_259' title='bbox 1469 3431 1749 3497; x_wconf 90' lang='lat' dir='ltr'><strong>Domino</strong></span> <span class='ocrx_word' id='word_1_260' title='bbox 1763 3432 1790 3469; x_wconf 82' lang='lat'>⁹</span> <span class='ocrx_word' id='word_1_261' title='bbox 1812 3432 2205 3509; x_wconf 80' lang='lat' dir='ltr'><strong>consulente,</strong></span> <span class='ocrx_word' id='word_1_262' title='bbox 2228 3433 2525 3516; x_wconf 83' lang='lat' dir='ltr'><strong>pervenit</strong></span> <span class='ocrx_word' id='word_1_263' title='bbox 2547 3433 2869 3498; x_wconf 83' lang='lat' dir='ltr'><strong>effectum.</strong></span> 
     </span>
    </p>

    <p class='ocr_par' dir='ltr' id='par_1_6' title="bbox 770 3531 3333 4018">
     <span class='ocr_line' id='line_1_28' title="bbox 817 3531 3243 3617; baseline 0.002 -23"><span class='ocrx_word' id='word_1_264' title='bbox 817 3605 822 3610; x_wconf 30' lang='lat'><strong><em>¹</em></strong></span> <span class='ocrx_word' id='word_1_265' title='bbox 852 3540 919 3595; x_wconf 81' lang='lat'><strong>2.</strong></span> <span class='ocrx_word' id='word_1_266' title='bbox 952 3531 1122 3597; x_wconf 90' lang='lat' dir='ltr'><strong>Nam</strong></span> <span class='ocrx_word' id='word_1_267' title='bbox 1150 3531 1365 3597; x_wconf 87' lang='lat' dir='ltr'><strong>subito</strong></span> <span class='ocrx_word' id='word_1_268' title='bbox 1383 3532 1817 3614; x_wconf 88' lang='lat' dir='ltr'><strong>intempestae</strong></span> <span class='ocrx_word' id='word_1_269' title='bbox 1838 3533 1859 3570; x_wconf 87' lang='lat'>¹</span> <span class='ocrx_word' id='word_1_270' title='bbox 1887 3531 2096 3596; x_wconf 83' lang='lat' dir='ltr'><strong>noctis</strong></span> <span class='ocrx_word' id='word_1_271' title='bbox 2133 3532 2407 3610; x_wconf 84' lang='lat' dir='ltr'><strong>silenti0,</strong></span> <span class='ocrx_word' id='word_1_272' title='bbox 2442 3532 2718 3597; x_wconf 86' lang='lat' dir='ltr'><strong>fratrum</strong></span> <span class='ocrx_word' id='word_1_273' title='bbox 2739 3532 3017 3598; x_wconf 80' lang='lat' dir='ltr'><strong>vallatus</strong></span> <span class='ocrx_word' id='word_1_274' title='bbox 3043 3554 3243 3617; x_wconf 89' lang='lat' dir='ltr'><strong>prae·</strong></span> 
     </span>
     <span class='ocr_line' id='line_1_29' title="bbox 770 3630 3333 3722; baseline 0.002 -28"><span class='ocrx_word' id='word_1_275' title='bbox 770 3630 955 3708; x_wconf 87' lang='lat' dir='ltr'><strong>sidio,</strong></span> <span class='ocrx_word' id='word_1_276' title='bbox 984 3630 1071 3695; x_wconf 89' lang='lat' dir='ltr'><strong>ad</strong></span> <span class='ocrx_word' id='word_1_277' title='bbox 1093 3631 1305 3696; x_wconf 91' lang='lat' dir='ltr'><strong>locum</strong></span> <span class='ocrx_word' id='word_1_278' title='bbox 1332 3631 1530 3709; x_wconf 80' lang='lat' dir='ltr'><strong>ociuS‚</strong></span> <span class='ocrx_word' id='word_1_279' title='bbox 1561 3631 1892 3722; x_wconf 79' lang='lat' dir='ltr'><strong>Christum</strong></span> <span class='ocrx_word' id='word_1_280' title='bbox 1934 3631 2254 3696; x_wconf 87' lang='lat' dir='ltr'><strong>habentes</strong></span> <span class='ocrx_word' id='word_1_281' title='bbox 2302 3632 2370 3695; x_wconf 93' lang='lat' dir='ltr'><strong>in</strong></span> <span class='ocrx_word' id='word_1_282' title='bbox 2416 3632 2719 3714; x_wconf 75' lang='lat' dir='ltr'><strong>pectore²</strong></span> <span class='ocrx_word' id='word_1_283' title='bbox 2756 3631 3054 3697; x_wconf 86' lang='lat' dir='ltr'><strong>tendunt.</strong></span> <span class='ocrx_word' id='word_1_284' title='bbox 3084 3633 3234 3712; x_wconf 88' lang='lat' dir='ltr'><strong>Quo</strong></span> <span class='ocrx_word' id='word_1_285' title='bbox 3271 3662 3333 3712; x_wconf 66' lang='grc' dir='ltr'><strong>η</strong></span> 
     </span>
     <span class='ocr_line' id='line_1_30' title="bbox 771 3729 3240 3813; baseline 0.002 -19"><span class='ocrx_word' id='word_1_286' title='bbox 771 3729 986 3795; x_wconf 85' lang='lat' dir='ltr'><strong>divino</strong></span> <span class='ocrx_word' id='word_1_287' title='bbox 1034 3731 1239 3796; x_wconf 88' lang='lat' dir='ltr'><strong>adiuti</strong></span> <span class='ocrx_word' id='word_1_288' title='bbox 1288 3730 1595 3813; x_wconf 86' lang='lat' dir='ltr'><strong>suffragio</strong></span> <span class='ocrx_word' id='word_1_289' title='bbox 1650 3729 2002 3808; x_wconf 83' lang='lat' dir='ltr'><strong>venientes,</strong></span> <span class='ocrx_word' id='word_1_290' title='bbox 2058 3729 2282 3795; x_wconf 89' lang='lat' dir='ltr'><strong>abdito</strong></span> <span class='ocrx_word' id='word_1_291' title='bbox 2343 3730 2554 3795; x_wconf 84' lang='lat' dir='ltr'><strong>cordis</strong></span> <span class='ocrx_word' id='word_1_292' title='bbox 2597 3749 2836 3796; x_wconf 88' lang='lat' dir='ltr'><strong>arcano</strong></span> <span class='ocrx_word' id='word_1_293' title='bbox 2881 3730 3240 3799; x_wconf 89' lang='lat' dir='ltr'><strong>Dominum</strong></span> 
     </span>
     <span class='ocr_line' id='line_1_31' title="bbox 771 3829 3247 3913; baseline 0.002 -20"><span class='ocrx_word' id='word_1_294' title='bbox 771 3829 1119 3895; x_wconf 82' lang='lat' dir='ltr'><strong>laudavere</strong></span> <span class='ocrx_word' id='word_1_295' title='bbox 1143 3834 1483 3907; x_wconf 79' lang='lat' dir='ltr'><strong>canentes3</strong></span> <span class='ocrx_word' id='word_1_296' title='bbox 1508 3829 1745 3895; x_wconf 91' lang='lat' dir='ltr'><strong>deinde</strong></span> <span class='ocrx_word' id='word_1_297' title='bbox 1774 3829 2003 3895; x_wconf 88' lang='lat' dir='ltr'><strong>ianuas</strong></span> <span class='ocrx_word' id='word_1_298' title='bbox 2028 3830 2337 3896; x_wconf 89' lang='lat' dir='ltr'><strong>ecclesiae</strong></span> <span class='ocrx_word' id='word_1_299' title='bbox 2359 3833 2591 3913; x_wconf 87' lang='lat' dir='ltr'><strong>petunt</strong></span> <span class='ocrx_word' id='word_1_300' title='bbox 2610 3829 2962 3912; x_wconf 85' lang='lat' dir='ltr'><strong>lumenque</strong></span> <span class='ocrx_word' id='word_1_301' title='bbox 2982 3831 3201 3897; x_wconf 88' lang='lat' dir='ltr'><strong>latens</strong></span> <span class='ocrx_word' id='word_1_302' title='bbox 3216 3833 3247 3871; x_wconf 81' lang='lat'>⁸</span> 
     </span>
     <span class='ocr_line' id='line_1_32' title="bbox 773 3921 3245 4018; baseline 0.001 -24"><span class='ocrx_word' id='word_1_303' title='bbox 773 3926 1153 3995; x_wconf 83' lang='lat' dir='ltr'><strong>intenebris</strong></span> <span class='ocrx_word' id='word_1_304' title='bbox 1183 3931 1563 4013; x_wconf 87' lang='lat' dir='ltr'><strong>quaerunt⁴‚</strong></span> <span class='ocrx_word' id='word_1_305' title='bbox 1591 3929 1950 4018; x_wconf 76' lang='lat' dir='ltr'><strong>inveniunt,</strong></span> <span class='ocrx_word' id='word_1_306' title='bbox 1982 3921 2053 3995; x_wconf 61' lang='lat' dir='ltr'><strong>et&#39;</strong></span> <span class='ocrx_word' id='word_1_307' title='bbox 2075 3934 2307 4013; x_wconf 89' lang='lat' dir='ltr'><strong>aperto</strong></span> <span class='ocrx_word' id='word_1_308' title='bbox 2338 3928 2706 3994; x_wconf 76' lang='lat' dir='ltr'><strong>mausoleo⁵</strong></span> <span class='ocrx_word' id='word_1_309' title='bbox 2726 3929 2944 3995; x_wconf 88' lang='lat' dir='ltr'><strong>adhuc</strong></span> <span class='ocrx_word' id='word_1_310' title='bbox 2972 3932 3245 4008; x_wconf 77' lang='lat' dir='ltr'><strong>tremuli</strong></span> 
     </span>
    </p>
   </div>
   <div class='ocr_carea' id='block_1_6' title="bbox 775 4111 3260 4828">
    <p class='ocr_par' dir='ltr' id='par_1_7' title="bbox 775 4111 3249 4264">
     <span class='ocr_line' id='line_1_33' title="bbox 846 4111 3247 4181; baseline 0.002 -17"><span class='ocrx_word' id='word_1_311' title='bbox 846 4111 866 4145; x_wconf 80' lang='lat'>²</span> <span class='ocrx_word' id='word_1_312' title='bbox 883 4111 1104 4165; x_wconf 84' lang='lat' dir='ltr'><strong>Lemma</strong></span> <span class='ocrx_word' id='word_1_313' title='bbox 1125 4128 1228 4165; x_wconf 80' lang='lat' dir='ltr'><strong>om.</strong></span> <span class='ocrx_word' id='word_1_314' title='bbox 1258 4112 1471 4177; x_wconf 68' lang='lat' dir='ltr'><strong>Wolfh„</strong></span> <span class='ocrx_word' id='word_1_315' title='bbox 1489 4111 1564 4178; x_wconf 82' lang='lat' dir='ltr'><strong>V‚·</strong></span> <span class='ocrx_word' id='word_1_316' title='bbox 1584 4112 1862 4166; x_wconf 85' lang='lat' dir='ltr'><strong>translatio</strong></span> <span class='ocrx_word' id='word_1_317' title='bbox 1882 4111 2129 4166; x_wconf 88' lang='lat' dir='ltr'><strong>eiusdem</strong></span> <span class='ocrx_word' id='word_1_318' title='bbox 2154 4111 2227 4175; x_wconf 83' lang='lat' dir='ltr'><strong>A;</strong></span> <span class='ocrx_word' id='word_1_319' title='bbox 2254 4127 2336 4180; x_wconf 93' lang='lat' dir='ltr'><strong>ep.</strong></span> <span class='ocrx_word' id='word_1_320' title='bbox 2362 4115 2416 4164; x_wconf 90' lang='lat' dir='ltr'><strong>et</strong></span> <span class='ocrx_word' id='word_1_321' title='bbox 2439 4111 2581 4165; x_wconf 87' lang='lat' dir='ltr'><strong>cons.</strong></span> <span class='ocrx_word' id='word_1_322' title='bbox 2608 4129 2709 4165; x_wconf 83' lang='lat' dir='ltr'><strong>om.</strong></span> <span class='ocrx_word' id='word_1_323' title='bbox 2744 4113 2823 4166; x_wconf 84' lang='lat' dir='ltr'><strong>W.</strong></span> <span class='ocrx_word' id='word_1_324' title='bbox 2844 4114 3015 4181; x_wconf 76' lang='lat' dir='ltr'><strong>Apud</strong></span> <span class='ocrx_word' id='word_1_325' title='bbox 3039 4115 3247 4179; x_wconf 71' lang='lat' dir='ltr'><strong>Wolfh.</strong></span> 
     </span>
     <span class='ocr_line' id='line_1_34' title="bbox 775 4193 3249 4264; baseline 0.002 -18"><span class='ocrx_word' id='word_1_326' title='bbox 775 4195 904 4246; x_wconf 78' lang='lat' dir='ltr'><strong>haec</strong></span> <span class='ocrx_word' id='word_1_327' title='bbox 923 4195 1187 4261; x_wconf 72' lang='lat' dir='ltr'><strong>prooemii</strong></span> <span class='ocrx_word' id='word_1_328' title='bbox 1222 4193 1336 4247; x_wconf 83' lang='lat' dir='ltr'><strong>loco</strong></span> <span class='ocrx_word' id='word_1_329' title='bbox 1359 4195 1615 4261; x_wconf 72' lang='lat' dir='ltr'><strong>leyuntur</strong></span> <span class='ocrx_word' id='word_1_330' title='bbox 1639 4195 1735 4259; x_wconf 73' lang='lat' dir='ltr'><strong>fol.</strong></span> <span class='ocrx_word' id='word_1_331' title='bbox 1755 4198 1879 4248; x_wconf 72' lang='lat' dir='ltr'><strong><em>103v</em></strong></span> <span class='ocrx_word' id='word_1_332' title='bbox 1900 4213 1919 4247; x_wconf 82' lang='grc'><strong>.-</strong></span> <span class='ocrx_word' id='word_1_333' title='bbox 1937 4193 2245 4247; x_wconf 84' lang='lat' dir='ltr'><strong>Beatissimi</strong></span> <span class='ocrx_word' id='word_1_334' title='bbox 2270 4198 2323 4247; x_wconf 89' lang='lat' dir='ltr'><strong>et</strong></span> <span class='ocrx_word' id='word_1_335' title='bbox 2346 4193 2402 4247; x_wconf 87' lang='lat' dir='ltr'><strong>in</strong></span> <span class='ocrx_word' id='word_1_336' title='bbox 2427 4193 2624 4258; x_wconf 87' lang='lat' dir='ltr'><strong>Galliis,</strong></span> <span class='ocrx_word' id='word_1_337' title='bbox 2648 4202 2758 4258; x_wconf 67' lang='lat' dir='ltr'><strong>etc„</strong></span> <span class='ocrx_word' id='word_1_338' title='bbox 2784 4203 2841 4248; x_wconf 77' lang='lat' dir='ltr'><strong>ut</strong></span> <span class='ocrx_word' id='word_1_339' title='bbox 2863 4202 3135 4264; x_wconf 45' lang='lat' dir='ltr'><strong>supr-asp.</strong></span> <span class='ocrx_word' id='word_1_340' title='bbox 3165 4198 3249 4252; x_wconf 74' lang='lat'><strong>14.</strong></span> 
     </span>
    </p>

    <p class='ocr_par' dir='ltr' id='par_1_8' title="bbox 776 4274 3256 4580">
     <span class='ocr_line' id='line_1_35' title="bbox 845 4274 3253 4349; baseline 0.002 -19"><span class='ocrx_word' id='word_1_341' title='bbox 845 4279 896 4330; x_wconf 85' lang='lat'><strong>1.</strong></span> <span class='ocrx_word' id='word_1_342' title='bbox 912 4303 979 4315; x_wconf 95' lang='lat'><em>—</em></span> <span class='ocrx_word' id='word_1_343' title='bbox 1001 4277 1020 4310; x_wconf 90' lang='lat'><strong>¹</strong></span> <span class='ocrx_word' id='word_1_344' title='bbox 1044 4275 1227 4330; x_wconf 79' lang='lat' dir='ltr'><strong>vivere</strong></span> <span class='ocrx_word' id='word_1_345' title='bbox 1252 4276 1404 4330; x_wconf 88' lang='lat' dir='ltr'><strong>H.—-</strong></span> <span class='ocrx_word' id='word_1_346' title='bbox 1423 4275 1446 4309; x_wconf 74' lang='lat'>²</span> <span class='ocrx_word' id='word_1_347' title='bbox 1469 4274 1764 4343; x_wconf 84' lang='lat' dir='ltr'><strong>Sigebardo</strong></span> <span class='ocrx_word' id='word_1_348' title='bbox 1789 4276 2080 4331; x_wconf 57' lang='lat' dir='ltr'><strong>AHJM</strong></span> <span class='ocrx_word' id='word_1_349' title='bbox 2091 4295 2240 4331; x_wconf 81' lang='lat' dir='ltr'><strong>man.</strong></span> <span class='ocrx_word' id='word_1_350' title='bbox 2255 4294 2377 4345; x_wconf 61' lang='grc' dir='ltr'><strong>μω</strong></span> <span class='ocrx_word' id='word_1_351' title='bbox 2392 4275 2677 4343; x_wconf 85' lang='lat' dir='ltr'><strong>Sigibardo</strong></span> <span class='ocrx_word' id='word_1_352' title='bbox 2711 4277 2781 4329; x_wconf 77' lang='lat' dir='ltr'><strong><em>M</em></strong></span> <span class='ocrx_word' id='word_1_353' title='bbox 2804 4294 2950 4331; x_wconf 80' lang='lat' dir='ltr'><strong>corr.</strong></span> <span class='ocrx_word' id='word_1_354' title='bbox 2965 4306 3034 4318; x_wconf 92' lang='lat'>—</span> <span class='ocrx_word' id='word_1_355' title='bbox 3055 4280 3080 4313; x_wconf 82' lang='lat'>⁸</span> <span class='ocrx_word' id='word_1_356' title='bbox 3095 4282 3253 4349; x_wconf 86' lang='lat' dir='ltr'><strong>quie·</strong></span> 
     </span>
     <span class='ocr_line' id='line_1_36' title="bbox 776 4358 3254 4429; baseline 0.001 -16"><span class='ocrx_word' id='word_1_357' title='bbox 776 4358 976 4413; x_wconf 85' lang='lat' dir='ltr'><strong>scentis</strong></span> <span class='ocrx_word' id='word_1_358' title='bbox 1013 4361 1072 4413; x_wconf 86' lang='lat' dir='ltr'><em>H</em></span> <span class='ocrx_word' id='word_1_359' title='bbox 1081 4379 1104 4425; x_wconf 92' lang='lat'><strong>,·</strong></span> <span class='ocrx_word' id='word_1_360' title='bbox 1131 4360 1418 4429; x_wconf 85' lang='lat' dir='ltr'><strong>quiescunt</strong></span> <span class='ocrx_word' id='word_1_361' title='bbox 1465 4361 1544 4412; x_wconf 74' lang='lat' dir='ltr'><strong>W.</strong></span> <span class='ocrx_word' id='word_1_362' title='bbox 1572 4386 1639 4398; x_wconf 91' lang='lat'>—</span> <span class='ocrx_word' id='word_1_363' title='bbox 1676 4360 1700 4393; x_wconf 75' lang='lat'>⁴</span> <span class='ocrx_word' id='word_1_364' title='bbox 1715 4359 2126 4429; x_wconf 87' lang='lat' dir='ltr'><strong>oratoriumque</strong></span> <span class='ocrx_word' id='word_1_365' title='bbox 2173 4362 2253 4413; x_wconf 77' lang='lat' dir='ltr'><strong>W.</strong></span> <span class='ocrx_word' id='word_1_366' title='bbox 2294 4388 2354 4397; x_wconf 95' lang='lat'><strong>—</strong></span> <span class='ocrx_word' id='word_1_367' title='bbox 2390 4359 2413 4393; x_wconf 75' lang='lat'>⁸</span> <span class='ocrx_word' id='word_1_368' title='bbox 2432 4360 2648 4413; x_wconf 80' lang='lat' dir='ltr'><strong>volente</strong></span> <span class='ocrx_word' id='word_1_369' title='bbox 2679 4360 2814 4414; x_wconf 63' lang='lat' dir='ltr'><strong>VM</strong></span> <span class='ocrx_word' id='word_1_370' title='bbox 2844 4369 2970 4414; x_wconf 75' lang='lat' dir='ltr'><strong>ante</strong></span> <span class='ocrx_word' id='word_1_371' title='bbox 3013 4380 3161 4417; x_wconf 84' lang='lat' dir='ltr'><strong>corr.</strong></span> <span class='ocrx_word' id='word_1_372' title='bbox 3181 4391 3254 4403; x_wconf 88' lang='lat'>—</span> 
     </span>
     <span class='ocr_line' id='line_1_37' title="bbox 777 4440 3256 4513; baseline 0.001 -16"><span class='ocrx_word' id='word_1_373' title='bbox 777 4443 803 4478; x_wconf 80' lang='lat'>⁸</span> <span class='ocrx_word' id='word_1_374' title='bbox 827 4442 1134 4497; x_wconf 86' lang='lat' dir='ltr'><strong>Centulensi</strong></span> <span class='ocrx_word' id='word_1_375' title='bbox 1152 4443 1216 4496; x_wconf 79' lang='lat' dir='ltr'><em>M</em></span> <span class='ocrx_word' id='word_1_376' title='bbox 1228 4451 1348 4510; x_wconf 76' lang='lat' dir='ltr'><strong>post</strong></span> <span class='ocrx_word' id='word_1_377' title='bbox 1371 4459 1514 4496; x_wconf 77' lang='lat' dir='ltr'><strong>corr.</strong></span> <span class='ocrx_word' id='word_1_378' title='bbox 1537 4467 1597 4479; x_wconf 88' lang='lat'>-</span> <span class='ocrx_word' id='word_1_379' title='bbox 1615 4441 1638 4475; x_wconf 82' lang='lat'><strong>‘¹</strong></span> <span class='ocrx_word' id='word_1_380' title='bbox 1660 4442 1844 4496; x_wconf 87' lang='lat' dir='ltr'><strong>abbati</strong></span> <span class='ocrx_word' id='word_1_381' title='bbox 1869 4443 1937 4496; x_wconf 69' lang='lat' dir='ltr'><strong>M</strong></span> <span class='ocrx_word' id='word_1_382' title='bbox 1947 4451 2070 4513; x_wconf 73' lang='lat' dir='ltr'><strong>post</strong></span> <span class='ocrx_word' id='word_1_383' title='bbox 2092 4460 2252 4507; x_wconf 67' lang='lat' dir='ltr'><strong>corr„</strong></span> <span class='ocrx_word' id='word_1_384' title='bbox 2286 4444 2365 4496; x_wconf 76' lang='lat' dir='ltr'><strong>W.</strong></span> <span class='ocrx_word' id='word_1_385' title='bbox 2388 4469 2455 4481; x_wconf 94' lang='lat'><em>—</em></span> <span class='ocrx_word' id='word_1_386' title='bbox 2473 4442 2497 4476; x_wconf 83' lang='lat'>⁸</span> <span class='ocrx_word' id='word_1_387' title='bbox 2517 4440 2944 4510; x_wconf 87' lang='lat' dir='ltr'><strong>incomparabile</strong></span> <span class='ocrx_word' id='word_1_388' title='bbox 2970 4446 3256 4513; x_wconf 60' lang='lat' dir='ltr'><strong>Wolff.—</strong></span> 
     </span>
     <span class='ocr_line' id='line_1_38' title="bbox 779 4525 1355 4580; baseline 0.002 -1"><span class='ocrx_word' id='word_1_389' title='bbox 779 4526 805 4560; x_wconf 80' lang='lat'><strong>⁹</strong></span> <span class='ocrx_word' id='word_1_390' title='bbox 822 4525 937 4579; x_wconf 92' lang='lat' dir='ltr'><strong>Deo</strong></span> <span class='ocrx_word' id='word_1_391' title='bbox 964 4526 1260 4579; x_wconf 74' lang='lat' dir='ltr'><strong>A.H.M.V.</strong></span> <span class='ocrx_word' id='word_1_392' title='bbox 1274 4527 1355 4580; x_wconf 75' lang='lat' dir='ltr'><strong>W.</strong></span> 
     </span>
    </p>

    <p class='ocr_par' dir='ltr' id='par_1_9' title="bbox 779 4605 3260 4828">
     <span class='ocr_line' id='line_1_39' title="bbox 846 4605 3260 4678; baseline 0.002 -17"><span class='ocrx_word' id='word_1_393' title='bbox 846 4610 908 4661; x_wconf 74' lang='lat'><strong>2.</strong></span> <span class='ocrx_word' id='word_1_394' title='bbox 931 4636 997 4646; x_wconf 93' lang='lat'>—</span> <span class='ocrx_word' id='word_1_395' title='bbox 1021 4609 1039 4642; x_wconf 89' lang='lat'>¹</span> <span class='ocrx_word' id='word_1_396' title='bbox 1065 4608 1303 4676; x_wconf 88' lang='lat' dir='ltr'><strong>intempe</strong></span> <span class='ocrx_word' id='word_1_397' title='bbox 1332 4609 1383 4659; x_wconf 74' lang='lat' dir='ltr'><strong><em>V</em></strong></span> <span class='ocrx_word' id='word_1_398' title='bbox 1393 4617 1515 4676; x_wconf 76' lang='lat' dir='ltr'><strong>post</strong></span> <span class='ocrx_word' id='word_1_399' title='bbox 1532 4625 1703 4675; x_wconf 85' lang='lat' dir='ltr'><strong>corr.,·</strong></span> <span class='ocrx_word' id='word_1_400' title='bbox 1719 4608 1775 4663; x_wconf 88' lang='lat' dir='ltr'><strong>in</strong></span> <span class='ocrx_word' id='word_1_401' title='bbox 1796 4605 2038 4677; x_wconf 82' lang='lat' dir='ltr'><strong>tempore</strong></span> <span class='ocrx_word' id='word_1_402' title='bbox 2064 4608 2249 4662; x_wconf 78' lang='lat' dir='ltr'><strong>Vante</strong></span> <span class='ocrx_word' id='word_1_403' title='bbox 2281 4625 2427 4661; x_wconf 83' lang='lat' dir='ltr'><strong>corr.</strong></span> <span class='ocrx_word' id='word_1_404' title='bbox 2448 4635 2516 4646; x_wconf 93' lang='lat'><strong>—</strong></span> <span class='ocrx_word' id='word_1_405' title='bbox 2530 4607 2554 4641; x_wconf 77' lang='lat'><strong>²</strong></span> <span class='ocrx_word' id='word_1_406' title='bbox 2572 4606 2650 4672; x_wconf 92' lang='lat' dir='ltr'><strong>(in</strong></span> <span class='ocrx_word' id='word_1_407' title='bbox 2673 4608 2747 4676; x_wconf 90' lang='lat' dir='ltr'><strong>p.)</strong></span> <span class='ocrx_word' id='word_1_408' title='bbox 2763 4609 3073 4678; x_wconf 88' lang='lat' dir='ltr'><strong>inspectore</strong></span> <span class='ocrx_word' id='word_1_409' title='bbox 3096 4615 3170 4666; x_wconf 70' lang='lat' dir='ltr'><strong>A.</strong></span> <span class='ocrx_word' id='word_1_410' title='bbox 3187 4641 3260 4652; x_wconf 92' lang='lat'>—</span> 
     </span>
     <span class='ocr_line' id='line_1_40' title="bbox 779 4690 3252 4759; baseline 0.003 -14"><span class='ocrx_word' id='word_1_411' title='bbox 779 4690 806 4726; x_wconf 85' lang='lat'>⁸</span> <span class='ocrx_word' id='word_1_412' title='bbox 826 4691 1035 4745; x_wconf 88' lang='lat' dir='ltr'><strong>latense</strong></span> <span class='ocrx_word' id='word_1_413' title='bbox 1083 4695 1151 4745; x_wconf 76' lang='lat' dir='ltr'><strong>A.</strong></span> <span class='ocrx_word' id='word_1_414' title='bbox 1175 4719 1240 4730; x_wconf 91' lang='lat'>-</span> <span class='ocrx_word' id='word_1_415' title='bbox 1261 4691 1285 4725; x_wconf 80' lang='lat'><strong>⁴</strong></span> <span class='ocrx_word' id='word_1_416' title='bbox 1320 4696 1375 4744; x_wconf 91' lang='lat' dir='ltr'><strong>et</strong></span> <span class='ocrx_word' id='word_1_417' title='bbox 1410 4693 1538 4744; x_wconf 81' lang='lat' dir='ltr'><strong>add.</strong></span> <span class='ocrx_word' id='word_1_418' title='bbox 1577 4693 1643 4746; x_wconf 70' lang='lat' dir='ltr'><em>M</em></span> <span class='ocrx_word' id='word_1_419' title='bbox 1677 4710 1822 4746; x_wconf 81' lang='lat' dir='ltr'><strong>corr.</strong></span> <span class='ocrx_word' id='word_1_420' title='bbox 1853 4691 2265 4745; x_wconf 75' lang='lat' dir='ltr'><strong>-⁶manseolo</strong></span> <span class='ocrx_word' id='word_1_421' title='bbox 2309 4693 2446 4744; x_wconf 49' lang='lat' dir='ltr'><strong>Aul!</strong></span> <span class='ocrx_word' id='word_1_422' title='bbox 2485 4699 2609 4744; x_wconf 73' lang='lat' dir='ltr'><strong>ante</strong></span> <span class='ocrx_word' id='word_1_423' title='bbox 2647 4708 2807 4755; x_wconf 75' lang='lat' dir='ltr'><strong>corr..</strong></span> <span class='ocrx_word' id='word_1_424' title='bbox 2836 4693 2917 4759; x_wconf 53' lang='grc' dir='ltr'><strong>ἢ·</strong></span> <span class='ocrx_word' id='word_1_425' title='bbox 2956 4697 3252 4752; x_wconf 63' lang='lat' dir='ltr'><strong>mata-aeolo</strong></span> 
     </span>
     <span class='ocr_line' id='line_1_41' title="bbox 798 4776 1158 4828; baseline 0 0"><span class='ocrx_word' id='word_1_426' title='bbox 798 4776 998 4828; x_wconf 76' lang='lat' dir='ltr'><strong>Wante</strong></span> <span class='ocrx_word' id='word_1_427' title='bbox 1015 4791 1158 4828; x_wconf 79' lang='lat' dir='ltr'><strong>corr.</strong></span> 
     </span>
    </p>
   </div>
   <div class='ocr_carea' id='block_1_7' title="bbox 850 4939 1995 5009">
    <p class='ocr_par' dir='ltr' id='par_1_10' title="bbox 850 4939 1995 5009">
     <span class='ocr_line' id='line_1_42' title="bbox 850 4939 1995 5009; baseline 0 -13"><span class='ocrx_word' id='word_1_428' title='bbox 850 4941 923 5007; x_wconf 86' lang='lat'><strong>(1)</strong></span> <span class='ocrx_word' id='word_1_429' title='bbox 945 4939 1063 4996; x_wconf 85' lang='lat' dir='ltr'><strong>Lib.</strong></span> <span class='ocrx_word' id='word_1_430' title='bbox 1087 4939 1178 5005; x_wconf 86' lang='lat'><strong>111,</strong></span> <span class='ocrx_word' id='word_1_431' title='bbox 1194 4955 1313 5008; x_wconf 88' lang='lat' dir='ltr'><strong>cap.</strong></span> <span class='ocrx_word' id='word_1_432' title='bbox 1334 4940 1400 4994; x_wconf 70' lang='lat'><strong>22</strong></span> <span class='ocrx_word' id='word_1_433' title='bbox 1416 4941 1523 5006; x_wconf 91' lang='lat' dir='ltr'><strong>(ed.</strong></span> <span class='ocrx_word' id='word_1_434' title='bbox 1547 4940 1602 4996; x_wconf 79' lang='lat' dir='ltr'><strong>F.</strong></span> <span class='ocrx_word' id='word_1_435' title='bbox 1625 4941 1760 5008; x_wconf 78' lang='lat' dir='ltr'><strong>Lor,</strong></span> <span class='ocrx_word' id='word_1_436' title='bbox 1780 4956 1835 5009; x_wconf 89' lang='lat' dir='ltr'><strong>p.</strong></span> <span class='ocrx_word' id='word_1_437' title='bbox 1860 4940 1995 5008; x_wconf 76' lang='lat'><strong>152).</strong></span> 
     </span>
    </p>
   </div>
  </div>
 </body>
</html>
