3487 5450
718 573 855 645 186
1272 590 1361 643 m:
1413 589 1654 643 mono
1704 588 2147 642 Leutuoano
2196 589 2609 641 Ausrmaco.

718 799 865 847 rum
891 781 1056 846 scitu
1076 778 1438 846 mediocris.
1460 778 1605 845 Hoc
1623 798 1781 845 vero
1799 797 2074 845 numero
2095 778 2196 844 vel
2217 777 2496 862 expleto,
2517 778 2642 844 sibi
2661 778 3024 845 assidentes
3042 778 3182 845 lon-

726 880 868 965 gius
896 879 1103 944 oravit
1133 878 1454 958 secedere,
1473 882 1548 943 ut
1577 878 2072 943 deambulantes
2090 878 2350 962 patroni
2376 876 2587 943 locum
2617 882 2888 961 possent
2912 878 3180 943 habere.

719 978 909 1058 Quod
943 978 1187 1043 dictum
1217 978 1374 1043 dum
1403 982 1865 1061 exsequuntur,
1906 980 2057 1060 post
2084 976 2386 1060 pusillum
2416 978 2652 1042 iterum
2673 977 2762 1042 ad
2803 996 2875 1043 se
2917 977 3178 1057 accitas,

716 1078 894 1163 ipsos
913 1078 1280 1162 provisores
1301 1077 1368 1142 in
1387 1077 1726 1143 ulteriores
1746 1082 1969 1160 partes
1984 1077 2011 1115 ²
2034 1075 2339 1142 ecclesiae
2359 1095 2738 1159 progressos
2762 1096 2905 1142 esse
2933 1077 3180 1142 denun-

716 1177 921 1258 tiavit,
954 1177 1349 1261 easdeer
1398 1195 1654 1242 sorores
1703 1177 1804 1242 sui
1852 1195 2052 1243 causa
2098 1176 2350 1259 rogavit
2399 1176 2565 1242 ferre
2614 1177 2854 1241 circum
2875 1176 2904 1215 ⁸
2945 1176 3179 1241 altaria
3216 1193 3249 1241 5

724 1293 980 1341 crucem
1010 1278 1074 1339 et
1104 1274 1495 1353 sanctuaria,
1516 1278 1877 1358 cantusque
1906 1274 2255 1356 imponere,
2279 1293 2443 1357 quos
2463 1273 2613 1338 huic
2630 1273 2999 1339 necessitati
3030 1292 3181 1338 nos-

717 1377 863 1439 sent
907 1392 1279 1455 congruere.
1307 1372 1451 1439 Hoc
1491 1373 1649 1438 dum
1692 1392 1951 1437 summa
1993 1371 2333 1438 velocitate
2353 1374 2380 1411 ⁴
2426 1372 2820 1455 completum
2850 1372 3035 1447 foret,
3063 1391 3184 1455 per

721 1474 1071 1539 descensus
1097 1473 1184 1538 ab
1214 1471 1404 1538 altari
1428 1471 1730 1555 progredi
1759 1475 1982 1537 monet
2012 1475 2078 1537 et
2104 1471 2228 1536 illic
2258 1472 2837 1554 supplicationibus
2865 1473 3180 1551 insistere,

720 1574 927 1639 donec
953 1573 1020 1647 in
1047 1592 1119 1639 se
1138 1572 1345 1637 virtus
1373 1571 1808 1638 miserationis
1836 1571 2093 1636 divinae
2121 1571 2523 1636 claresceret.
2555 1571 2686 1637 Sed
2715 1571 2885 1638 inter
2911 1571 3184 1637 letania·

716 1692 865 1738 rum
907 1672 1137 1738 modos
1172 1673 1317 1756 ipsa
1357 1691 1553 1755 aegra
1583 1671 1668 1736 ad
1703 1690 1996 1736 summos
2032 1670 2255 1737 altaris
2283 1670 2524 1754 gradus
2553 1671 2800 1754 poplite
2829 1671 3003 1736 nudo
3031 1691 3186 1755 pro-
3221 1688 3288 1738 4ο

718 1771 1027 1855 greditur‚
1047 1770 1231 1836 vultu
1272 1771 1523 1836 deiecto
1546 1771 1591 1850 ὅ,
1632 1770 1937 1835 manibus
1967 1769 2292 1853 expansiS,
2323 1770 2390 1833 in
2416 1769 2623 1834 altum
2663 1770 2838 1834 fatur
2866 1791 2883 1834 ι
2914 1769 3188 1833 Domine

720 1871 858 1937 Deo
884 1871 1089 1955 dique,
1112 1870 1394 1954 persolvo
1420 1869 1588 1955 quod
1615 1870 1874 1933 iusseris
1900 1867 2168 1953 benique.
2198 1867 2342 1933 Hac
2371 1887 2529 1933 voce
2558 1870 2750 1934 tertio
2788 1869 3086 1951 repetita,
3117 1873 3187 1934 et

722 1969 879 2055 quid
935 1990 1005 2035 se
1060 1967 1428 2053 persolvere
1488 1968 1899 2051 promitteret
1953 1967 2283 2052 requisita,
2351 1968 2591 2050 pavido
2658 1968 2944 2051 corporis
2996 1972 3187 2050 gestu

722 2069 1102 2152 respondit:
1152 2069 1278 2150 Qui
1317 2066 1476 2132 mihi
1499 2069 1749 2152 saepius
1776 2068 1925 2131 solet
1956 2067 2257 2132 medelam
2289 2067 2587 2151 precibus
2628 2088 2926 2147 annuere,
2965 2069 3188 2131 sollers

719 2189 816 2232 me
862 2175 1045 2232 curat
1093 2188 1475 2255 commonere
1521 2166 1830 2231 indictum
1880 2167 2188 2230 ieiunium
2228 2166 2485 2231 sollicite
2531 2165 2841 2250 perficere,
2869 2169 2928 2230 si
2968 2186 3189 2252 capere
3224 2183 3292 2231 ιο

715 2266 900 2331 velim
926 2267 1212 2350 qratuita
1242 2266 1592 2329 sanitatum
1615 2262 1806 2328 dona.
1821 2262 1965 2329 Hoc
1985 2263 2054 2328 in
2073 2263 2274 2328 verbo
2297 2263 2522 2328 itidem
2549 2264 2650 2329 bis
2672 2269 2772 2333 ter
2792 2265 3185 2348 ingeminat:

721 2364 1034 2447 Pei-soloe,
1064 2364 1355 2446 Domine,
1379 2370 1730 2448 qratanter,
1760 2362 1930 2448 qnod
1970 2364 2248 2426 instituis
2289 2356 2421 2425 tam
2461 2362 2777 2428 ardenter.
2804 2363 3063 2429 Interea
3098 2363 3186 2428 ab

725 2464 1072 2531 assistente
1127 2464 1414 2547 quadam
1462 2463 1877 2542 commonita,
1925 2466 2000 2527 ut
2053 2465 2280 2527 votum
2331 2462 2665 2545 quodlibet
2707 2462 2918 2528 eidem
2959 2466 3187 2528 sancto

725 2569 1012 2643 voveret,
1044 2563 1219 2647 quod
1248 2563 1385 2628 eius
1412 2561 1729 2628 memoria
1770 2580 1929 2627 suae
1961 2561 2187 2626 salutis
2218 2581 2417 2627 causa
2444 2562 2928 2628 accuratissime
2955 2563 3190 2646 imple-

727 2667 847 2729 ret.
888 2663 992 2729 Ad
1051 2662 1227 2747 quod
1275 2661 1610 2728 consilium
1659 2660 1992 2746 spirituale
2031 2680 2418 2745 responsum
2455 2661 2541 2725 illi
2580 2665 2680 2728 est
2721 2661 2814 2728 ita
2846 2661 3098 2728 illatum
3117 2663 3146 2700 ⁸
3173 2685 3195 2728 :
3229 2684 3300 2737 20

743 2763 1091 2848 Quodquod
1123 2769 1322 2828 cotum
1355 2784 1397 2826 a
1427 2768 1482 2825 te
1502 2781 1628 2825 non
1650 2763 1922 2847 requiro,
1951 2762 2250 2846 quoniam
2282 2761 2400 2825 tali
2425 2764 2639 2847 qratia
2670 2768 2725 2826 te
2752 2761 3033 2826 mihimet
3057 2761 3203 2827 sub-

733 2864 933 2939 mitto,
960 2870 1031 2927 ιιι
1060 2863 1207 2926 velis
1240 2862 1407 2926 nolis
1447 2860 1670 2924 dehine
1708 2862 1912 2925 votiva
1955 2859 2157 2924 milii'1
2200 2858 2419 2924 debeas
2462 2864 2710 2925 servire.
2739 2861 2823 2926 Et
2864 2861 3059 2927 simul
3098 2861 3202 2927 his

735 2962 941 3040 dietis,
964 2966 1039 3026 ut
1069 2962 1126 3027 ei
1154 2961 1517 3038 videbatur,
1548 2960 1853 3026 fanonem
1881 2959 2291 3043 splendidum
2319 2959 2552 3025 dextra
2579 2960 2952 3044 praetendit
2986 2965 3053 3026 et
3080 2960 3205 3026 soli

734 3062 919 3127 oculo
943 3061 1174 3126 dextro
1202 3060 1423 3125 lumen
1443 3059 1567 3124 sibi
1589 3059 1876 3125 donavit.
1890 3058 2074 3123 Tunc
2095 3058 2389 3124 Creatori
2408 3058 2551 3124 laus
2572 3059 2865 3125 maxima
2884 3060 2971 3124 ab
2992 3059 3205 3125 omni-

734 3160 858 3225 bus
908 3165 1007 3226 est
1044 3161 1340 3238 reddita;
1377 3158 1496 3224 sed
1536 3157 1815 3224 necdum
1863 3158 2078 3223 adhuc
2115 3157 2607 3224 manifestatum
2646 3163 2747 3223 est
2787 3159 3154 3242 cognitione
3171 3158 3203 3199 ⁸
3234 3180 3306 3231 ω

732 3259 998 3342 vulgari.

825 3367 935 3422 11.
979 3358 1137 3423 Post
1177 3358 1341 3423 haec
1379 3376 1638 3440 nempe,
1668 3356 1921 3422 dierum
1949 3374 2230 3420 numero
2272 3355 2646 3435 decedente,
2690 3376 2840 3421 cum
2881 3356 3203 3423 festivitas

737 3457 1048 3523 illuxisset
1075 3456 1462 3522 venerabilis
1482 3456 1687 3521 sancti
1702 3457 1724 3494 ¹
1749 3454 2085 3538 Baptistae
2105 3455 2427 3535 IohanniS‚
2448 3475 2642 3521 mane
2663 3456 2877 3540 primo
2899 3456 3203 3537 diluculo,

740 3558 897 3623 dum
927 3576 1154 3623 omnes
1183 3557 1248 3621 in
1275 3575 1477 3621 unum
1506 3554 1821 3620 orationis
1848 3554 2011 3619 hora
2039 3554 2476 3632 convenirent,
2506 3555 2692 3620 sicuti
2720 3559 2819 3620 est
2847 3575 2993 3621 mos
3022 3555 3205 3640 apud

742 3657 1117 3735 monachoS‚
1148 3656 1290 3739 ipsa
1319 3675 1467 3721 cum
1493 3654 1757 3737 reliquis
1784 3654 2137 3719 adveniens
2165 3655 2287 3719 sub
2320 3655 2611 3719 omnium
2638 3656 3034 3738 aspectibuS,
3062 3665 3211 3721 cor·‘
3241 3675 3313 3728 3ο

739 3776 899 3841 pore
928 3756 1165 3833 colliso,
1194 3756 1408 3820 subito
1436 3754 1734 3833 concidit,
1772 3754 1935 3820 facie
1961 3758 2364 3819 tumescente
2397 3755 2501 3819 et⁵³
2532 3755 2863 3835 caecitate,
2891 3759 2966 3819 ut
2998 3756 3204 3839 prius,

736 3858 1248 3940 ingravescente,
1303 3854 1894 3938 significationibus,
1938 3853 2173 3937 quibus
2212 3854 2444 3936 potuit,
2493 3854 2774 3919 visiones
2825 3861 3208 3922 sanctorum

739 3955 973 4022 adesse
996 3953 1413 4019 edocuit.Sed
1437 3953 1762 4036 completa
1782 3953 2094 4031 oratione,
2123 3953 2370 4017 cunctis
2393 3953 2877 4018 considentibus
2897 3973 2975 4018 ac
2995 3953 3210 4019 laudi-

742 4056 868 4121 bus
888 4053 1294 4138 psalmodiae
1315 4052 2048 4130 immorantibuS,missa
2068 4057 2329 4117 matura
2349 4051 2754 4131 decantatur,
2778 4052 2866 4117 ad
2893 4073 3096 4136 quam
3117 4053 3208 4118 ab

741 4155 921 4221 omni
968 4152 1210 4236 populo
1261 4152 1655 4217 sollemniter
1682 4151 2121 4227 concurritur;
2169 4151 2339 4216 inter
2369 4171 2567 4233 quam
2611 4151 2719 4216 illa
2754 4151 2952 4217 iacuit
2986 4156 3212 4218 mente
3249 4172 3328 4226 a

742 4253 974 4330 soluta,
1004 4270 1124 4316 ceu
1166 4251 1340 4315 vitae
1388 4249 1758 4332 desperata.
1799 4248 1997 4331 Signo
2017 4248 2046 4287 ⁸
2083 4248 2336 4332 primae
2375 4248 2654 4331 pulsato,
2703 4268 2933 4314 omnes
2981 4249 3209 4316 debita

741 4351 1161 4418 veneratione
1182 4352 1540 4433 surgenteS,
1557 4367 1629 4413 se
1653 4366 1903 4432 suaque
1923 4347 2141 4412 omnia
2163 4346 2301 4412 Deo
2321 4348 2693 4431 sanctisque
2716 4348 2853 4413 eius
2875 4366 3212 4414 commen-

743 4451 995 4529 dantes,
1028 4453 1214 4514 tanto
1244 4448 1483 4514 scilicet
1509 4447 1866 4525 subnixiuS,
1897 4449 2143 4529 quanto
2183 4446 2618 4528 perspicacius
2648 4446 2938 4511 divinam
2978 4467 3211 4531 spera-

741 4554 973 4616 verant
1026 4548 1152 4613 illic
1192 4548 1423 4614 adesse
1471 4547 1907 4612 clementiam.
1939 4545 2179 4611 Verum
2229 4546 2399 4610 inter
2447 4546 2624 4628 ipsos
2671 4546 2923 4628 primae
2973 4552 3209 4614 cantus

740 4744 808 4756 —
831 4716 856 4750 ²
879 4733 981 4770 om.
1005 4716 1073 4769 L.
1088 4743 1148 4754 -
1171 4715 1197 4749 ⁸
1220 4713 1366 4768 circa
1386 4714 1452 4767 L.
1474 4742 1542 4754 —
1573 4713 1598 4748 ⁴
1620 4712 1945 4767 necessitate
1963 4713 2030 4766 L.
2051 4743 2115 4753 —
2150 4710 2174 4745 ⁸
2190 4712 2406 4766 detecto
2444 4714 2518 4766 ³1.
2540 4744 2607 4754 -
2624 4712 2649 4747 ⁸
2672 4712 2878 4767 elatum
2902 4715 2975 4768 H.
3000 4742 3061 4754 -
3086 4714 3112 4749 ἵ
3133 4714 3210 4783 (v.

749 4800 845 4865 m.)
866 4815 943 4853 m.
966 4813 1018 4852 v.
1041 4798 1107 4852 L.
1126 4828 1193 4838 —
1212 4797 1238 4831 ⁸
1256 4795 1583 4864 cognomine
1604 4796 1670 4849 L.

817 4884 849 4933 1
866 4885 1006 4935 1.-
1028 4881 1050 4915 ²
1071 4879 1280 4934 scilicet
1298 4880 1428 4933 add.
1448 4879 1604 4933 H.—
1625 4879 1650 4913 ²
1672 4876 1958 4946 (et-ingr.)
1976 4877 2167 4932 om.H.
2184 4907 2248 4919 —-
2275 4877 2302 4912 ⁸
2322 4877 2380 4931 Si
2401 4878 2558 4946 signo
2579 4878 2659 4931 M.
2679 4879 2926 4943 Heorr.,·
2946 4879 3028 4934 sic
3050 4879 3211 4949 signo

749 4964 950 5018 Hane:
969 4980 1113 5018 eoo-r.
1126 4982 1149 5027 ,·
1167 4961 1267 5017 sed
1287 4961 1443 5030 signo
1458 4963 1527 5017 L.
