3487 5450
1291 590 1643 643 Arpanmx
1692 590 1815 642 vu.
2636 569 2773 643 157

308 782 505 847 navit.
523 781 667 860 Quo
691 781 830 846 viso
855 779 1168 845 cunctis⁴⁸
1189 779 1520 857 miraculo,
1549 779 1636 844 ab
1658 779 1962 844 omnibus
1987 779 2349 846 christianis
2374 782 2515 847 ilico
2548 783 2775 847 Gloria

305 883 370 945 in
412 882 669 944 excelsis
713 879 913 945 Deo⁴⁹
955 880 1293 955 caniturw,
1324 884 1389 944 et
1418 879 1767 944 exsultatio
1796 879 2169 962 spiritalis⁶¹
2201 880 2500 946 habetur.
2555 882 2778 948 Iudaei

306 999 569 1064 quoque
622 980 710 1045 ad
761 980 1150 1063 quingentos
1210 979 1382 1043 viros
1425 979 1651 1044 statim
1694 978 1782 1043 ad
1812 979 2122 1061 baptismi
2150 982 2431 1061 gratiam
2481 983 2780 1047 convola-

305 1083 456 1145 runt
470 1080 550 1143 δ’.
584 1079 844 1162 Reliqui
872 1078 1024 1161 fuga
1064 1078 1232 1161 lapsi
1260 1078 1329 1142 in
1368 1079 1532 1143 urbe
1560 1097 1834 1143 romana
1874 1077 2144 1143 ulterius
2160 1079 2215 1116 ⁴⁹
2250 1080 2369 1144 visi
2424 1100 2558 1145 non
2605 1086 2778 1146 sunt.

248 1196 277 1245 ι
306 1177 564 1243 Unde⁵³
591 1178 838 1260 placuit
858 1181 1129 1243 sanctae
1159 1196 1475 1242 romanae
1505 1177 1814 1243 ecclesiae
1832 1179 1907 1241 ut
1936 1177 2110 1242 idem
2136 1179 2621 1261 responsorium
2649 1180 2793 1245 inu.

306 1278 544 1345 eadem
572 1278 925 1343 festivitate
951 1281 1266 1342 octavum
1287 1276 1503 1341 locum
1524 1281 1750 1342 tenere
1768 1276 2237 1359 perpetualiter
2257 1278 2608 1358 debuisset,
2621 1300 2785 1363 qua-

305 1378 480 1443 tinus
508 1378 635 1443 hoc
672 1376 1098 1442 memorabile
1128 1376 1518 1441 miraculum
1536 1377 1593 1414 ⁶⁶
1633 1375 1919 1440 fidelium
1950 1377 2252 1442 cordibus
2278 1379 2458 1442 omni
2483 1382 2782 1462 tempore

307 1478 391 1565 ad
426 1477 694 1542 laudem
734 1475 974 1542 Christi
1017 1496 1278 1558 semper
1314 1475 1667 1539 ferventius
1710 1475 2050 1540 inhaerere
2096 1476 2433 1558 potuisset.
2475 1479 2690 1545 Amen
2704 1482 2776 1543 ⁴⁹.

309 1674 371 1685 -
389 1645 440 1679 ⁸⁸
457 1663 560 1699 om.
589 1647 662 1698 Μ.
683 1672 750 1682 —
775 1644 826 1679 θ’
847 1661 949 1697 om.
971 1644 1036 1696 R.
1069 1672 1131 1680 —
1175 1642 1224 1677 ⁶⁰
1249 1646 1500 1696 cantatur
1529 1642 1596 1695 R.
1621 1669 1687 1679 —
1710 1642 1760 1675 Μ
1783 1641 2029 1708 specialis
2052 1643 2121 1695 R.
2155 1670 2221 1681 —
2242 1644 2291 1676 ⁵²
2315 1644 2671 1698 convolarent
2693 1646 2781 1709 11,-

311 1728 740 1782 oenvolaverunt
766 1727 829 1779 R.
848 1754 916 1765 —
935 1726 984 1760 ⁸⁸
1005 1725 1136 1779 Inde
1156 1727 1223 1780 R.
1243 1753 1306 1764 —
1325 1725 1375 1759 ⁸⁸
1394 1723 1790 1790 (in-debuisset)
1808 1723 1865 1777 in
1884 1725 2077 1778 eadem
2092 1724 2401 1780 festivitatis
2420 1731 2616 1780 octava
2630 1744 2776 1795 perp.

313 1809 554 1865 obtinere
576 1810 703 1864 deb.
726 1810 793 1862 Β.
817 1837 886 1848 -
910 1809 956 1843 ⁸⁸
979 1809 1229 1862 omnium
1253 1809 1380 1862 add.
1401 1809 1468 1861 R.

906 2211 1036 2276 vn.
1080 2178 1527 2277 iuRAcU'LA
1565 2212 1633 2277 s,
1675 2211 2198 2277 HERCULIANI

1300 2360 1381 2416 Cf.
1416 2377 1597 2428 supra,
1632 2376 1685 2429 p.
1719 2361 1806 2414 49.

388 2554 551 2611 111.
571 2594 695 2610 ......
703 2518 837 2610 Sed
849 2545 1007 2613 dum
1027 2543 1258 2608 mulier
1276 2544 1661 2625 sanguinem
1684 2542 2031 2608 evomebat
2053 2543 2783 2627 angustiand0‚serpeu-

317 2648 442 2712 tem
468 2646 826 2728 fugientem
851 2643 1074 2708 videre
1103 2662 1564 2724 expavescens„
1587 2641 1788 2725 digito
1815 2644 2183 2708 astantibus
2211 2644 2620 2709 ostendebat.
2648 2643 2781 2710 Sed
2884 2639 2893 2645 ’

322 2745 674 2810 astantibus
695 2740 1359 2825 circumspicientibus
1382 2744 1473 2814 et,
1495 2741 1683 2824 quasi
1707 2740 1796 2804 ad
1823 2740 2026 2823 pedes
2046 2746 2421 2823 serpentem
2439 2742 2781 2820 haberent,

322 2841 719 2926 fugientibuS,
746 2860 880 2906 non
908 2840 994 2918 id,
1026 2839 1202 2923 quod
1232 2839 1466 2905 mulier
1507 2860 1580 2905 se
1624 2840 1905 2922 putabat
1934 2845 1998 2905 et
2028 2840 2287 2906 dicebat
2312 2841 2573 2920 vidisse,
2598 2842 2783 2908 vide-

271 2971 300 3024 ς
324 2941 490 3007 bant.
515 2942 816 3007 Tandem
844 2941 1122 3005 scientes
1152 2939 1548 3004 daemonem
1590 2940 1829 3022 fugisse
1872 2944 2071 3024 atque
2100 2941 2409 3006 feminam
2434 2941 2781 3008 liberatam

325 3057 365 3103 a
387 3039 725 3104 daemonio
745 3039 768 3076 ¹
797 3057 966 3116 esse,
981 3035 1374 3101 rettulerunt
1404 3035 1542 3102 Deo
1570 3043 1789 3120 grates
1804 3037 1850 3115 ²,
1867 3038 1979 3121 qui
1999 3057 2120 3120 pro
2141 3042 2368 3104 sancto
2390 3039 2782 3105 Herculiano

327 3139 416 3203 tot
461 3138 742 3204 faciebat
788 3137 1064 3202 vlrtutes
1111 3139 1182 3200 et
1232 3134 1422 3200 tales.
1476 3136 1657 3201 Alias
1707 3156 1970 3220 quoque
2018 3137 2475 3203 daemoniacas
2516 3143 2783 3205 sanctus

326 3233 736 3303 Herculianus
774 3237 1104 3310 liberavit..
1125 3254 1297 3318 quae
1338 3234 1636 3301 similiter
1682 3236 1973 3301 dicerent
2012 3256 2085 3302 se
2125 3242 2499 3320 serpentem
2538 3238 2782 3312 videre.

329 3331 470 3399 dum
517 3335 840 3424 malignus
860 3335 889 3373 ⁸
944 3333 1325 3399 abscedens·
1355 3333 1635 3399 faciebat
1690 3335 2007 3400 eiusmodi
2057 3334 2386 3401 fantasma
2440 3357 2782 3420 apparere.

253 3463 304 3516 u
331 3429 514 3499 Multa
538 3436 742 3500 etiam
763 3434 894 3499 alia
923 3431 1171 3517 expulit
1194 3432 1402 3497 virtus
1431 3434 1640 3498 sancti
1661 3433 2036 3499 Herculiani
2063 3435 2414 3501 daemonia
2438 3436 2507 3501 in
2533 3437 2781 3514 itinere,

331 3536 665 3616 antequam
691 3533 991 3599 venirent
1018 3531 1107 3598 ad
1134 3550 1255 3596 sua
1282 3532 1571 3603 oramla.
1600 3538 1667 3599 et
1707 3534 2013 3598 dixerunt
2054 3534 2212 3599 mihi
2254 3535 2523 3617 quidam
2556 3536 2625 3600 in
2649 3555 2782 3600 uno

331 3649 487 3698 anno
511 3635 596 3699 ab
626 3653 707 3699 eo
729 3633 931 3699 fuisse
959 3635 1232 3717 expulsa
1264 3634 1615 3701 daemonia
1641 3633 1791 3717 plus
1818 3653 2021 3716 quam
2048 3633 2329 3716 triginta.

401 3739 593 3797 1111.
618 3733 848 3823 ‚Alium
876 3752 1137 3816 quoque
1159 3735 1284 3801 isto
1318 3752 1555 3818 parum
1580 3732 1849 3798 maioris
1875 3729 2113 3798 aetatis
2130 3735 2152 3770 ¹
2180 3753 2456 3814 puerum
2482 3733 2615 3798 vidi
2634 3753 2784 3798 cum

335 3830 604 3897 scabellis
630 3833 743 3897 vix
771 3833 1222 3912 incedentem;
1265 3835 1378 3919 qui
1409 3839 1571 3898 ‘eum
1613 3833 2021 3916 aliquantum
2057 3833 2124 3897 in
2163 3833 2324 3910 loeo,
2366 3833 2483 3897 ubi
2521 3837 2789 3898 sanctus

261 3954 309 4007 η
335 3925 739 3997 Herculianus
768 3937 1120 3998 veneratur
1133 3934 1179 4013 ²,
1208 3934 1441 4000 fuisset
1468 3937 1786 4011 moratus,
1814 3933 2027 4014 coepit
2066 3932 2162 3996 ita
2206 3933 2461 3996 restitui
2500 3933 2786 4010 sanitati,

337 4030 491 4110 quod
515 4033 654 4122 ipse
684 4032 797 4115 qui
825 4037 1196 4098 contractus
1239 4034 1561 4099 adductus
1606 4032 1840 4109 fuerat,
1862 4021 2101 4097 'rectus
2142 4051 2263 4114 per
2302 4052 2375 4097 se
2413 4050 2564 4096 cum
2605 4033 2790 4097 adiu-

337 4129 571 4196 nmine
614 4130 829 4196 baculi
883 4131 973 4196 ad
1028 4131 1572 4216 Mantingnanam
1623 4131 1871 4209 villam,
1927 4130 2101 4195 unde
2158 4134 2447 4204 venerat.
2495 4131 2726 4213 redigit
2739 4131 2787 4194 ³.

340 4225 388 4291 Ο
411 4235 621 4296 sancte
665 4229 1075 4309 Herculiane,
1107 4236 1260 4296 tuae
1291 4233 1569 4296 virtutes
1610 4231 1707 4295 ita
1756 4233 1909 4295 sunt
1959 4230 2331 4313 frequentes
2373 4234 2439 4295 et
2485 4230 2786 4305 usitatae,

311 4377 314 4378 ν
342 4328 494 4408 quod
512 4329 614 4407 illi,
638 4329 750 4413 qui
775 4329 804 4367 ⁴
822 4329 1067 4408 vident,
1087 4329 1223 4396 iam
1249 4350 1382 4396 non
1416 4331 1757 4407 mirantur,
1778 4347 1911 4393 non
1938 4329 2427 4412 obstupescunt,
2449 4332 2524 4416 ut
2544 4329 2788 4394 debent

268 4446 316 4500 n
342 4422 549 4493 facere.
580 4428 728 4493 Non
755 4432 982 4493 tamen
1011 4430 1225 4495 minus
1253 4431 1449 4495 sunt⁵
1487 4428 1790 4494 miranda
1833 4448 1912 4494 ea
1956 4447 2124 4510 quae
2158 4428 2333 4507 facis,
2364 4428 2791 4511 quemadmo-

344 4523 481 4592 dum
512 4528 712 4592 solem
741 4526 932 4604 oriri,
961 4528 1269 4602 tonitrua,
1311 4528 1583 4611 fulgura.
1627 4528 2110 4593 coruscationes
2157 4528 2347 4594 aeriS.
2389 4527 2628 4606 nivem,
2654 4528 2793 4610 gla-

344 4623 485 4691 ciem
508 4632 572 4692 et
598 4627 834 4693 similia
875 4627 1018 4692 fieri
1054 4627 1246 4693 valde
1288 4634 1442 4693 sunt
1485 4627 1790 4692 miranda
1827 4627 2075 4709 solique
2105 4626 2241 4691 Deo
2277 4626 2627 4709 possibilia.
2655 4627 2785 4691 Sed

396 4793 525 4846 111.
553 4824 614 4833 -
637 4797 657 4829 ¹
680 4795 921 4849 demone
944 4794 1014 4847 L.
1036 4821 1105 4832 —
1125 4795 1150 4828 ²
1170 4794 1373 4863 gratias
1395 4795 1461 4848 L.
1483 4822 1551 4833 —
1574 4794 1599 4829 ⁸
1620 4793 1875 4860 malignis
1900 4794 1982 4859 L‚·
2002 4792 2223 4861 spiritus
2246 4795 2374 4846 add.
2397 4797 2465 4846 Δ.

397 4876 555 4929 xm
574 4906 642 4917 —
664 4879 687 4912 ¹
708 4879 841 4931 add.
868 4894 991 4946 περ.
1007 4879 1106 4933 lin.
1129 4881 1191 4931 in
1212 4878 1288 4931 H.
1307 4905 1374 4919 ·-
1396 4877 1421 4911 ²
1441 4881 1702 4931 venerate
1719 4878 1870 4931 codd.
1893 4902 1960 4915 —
1980 4876 2008 4909 ⁸
2028 4878 2109 4929 εἰσ
2130 4878 2200 4930 Α.
2220 4877 2281 4928 Η
2293 4884 2416 4929 ante
2432 4892 2575 4929 corr.
2588 4895 2612 4942 ,-
2633 4875 2789 4928 rediit

351 4956 695 5025 Eponam-r„
718 4960 1044 5013 L.-⁴on⁸.
1069 4959 1473 5014 ..ι-ΒΜΔ.
