3487 5450
681 516 779 590 ΩΟ
1567 535 1657 586 m:
1711 532 2259 587 manwaotomo

775 724 884 790 Vl.
915 725 1458 790 Mmrmonoemu
1487 724 1701 788 Banu:
1748 721 2166 805 Wolfhardus
2206 724 2338 807 ipse
2372 724 2558 788 semel
2591 725 2964 788 nominatim
2985 745 3141 809 pro-

670 825 818 909 fert,
844 824 975 890 kal.
1023 827 1155 888 iun.
1184 848 1206 888 .·
1233 824 1312 889 Et
1355 829 1431 889 ut
1489 824 2022 907 martyrologium
2053 823 2270 890 Bedae
2317 827 2384 889 et
2415 822 2777 889 Hieronimi
2815 825 3135 907 pandunt,

676 925 883 990 sancti
950 924 1319 989 Nicomedis
1370 923 1690 989 dedicatio
1733 923 2079 988 invenitur.
2134 925 2242 987 An
2289 930 2343 987 et
2384 928 2693 1008 quantum
2739 922 2892 987 alibi
2920 924 3134 988 Bedae

674 1024 1128 1108 martyroloyio
1158 1043 1313 1087 usus
1368 1025 1469 1105 sit,
1524 1023 1698 1085 nullo
1742 1021 1920 1086 verbo
1955 1022 2174 1106 prodit
2201 1028 2428 1105 noster,
2477 1042 2688 1108 neque,
2730 1022 2840 1086 illo
2887 1030 3140 1106 tacente,

674 1126 855 1188 certis
903 1122 1157 1187 indiciis
1197 1122 1546 1187 discernere
1569 1142 1924 1204 possumus.
1956 1120 2208 1186 Bedani
2242 1123 2408 1185 enim
2449 1121 2889 1206 martyroloqii
2931 1129 3131 1187 textus

674 1223 1065 1287 authenticus
1085 1222 1364 1286 nondum
1386 1229 1666 1304 repeitus
1692 1221 1782 1285 vel
1810 1221 2027 1285 saltem
2059 1220 2259 1284 editus
2287 1228 2392 1285 est.

757 1322 865 1386 Ex
914 1320 1116 1386 codice
1157 1329 1364 1385 tamen
1398 1320 1659 1384 Bedano
1690 1320 2006 1385 derivasse
2029 1320 2269 1384 videtur
2298 1319 2464 1405 quod
2485 1319 2715 1405 leqitur
2735 1320 2834 1384 die
2859 1322 2944 1386 30
2971 1320 3137 1387 dea:

675 1422 750 1486 In
778 1421 1092 1486 cimiterio
1119 1420 1544 1485 Iordanorum
1583 1420 1691 1485 via
1733 1419 1985 1485 Salaria
2022 1424 2395 1484 sanctarum
2434 1420 2763 1497 Paulinae,
2817 1421 3131 1500 Donatae‚

674 1520 1115 1597 Rusticianae‚
1136 1519 1563 1598 Nominande,
1586 1519 1934 1597 Sesotinae,
1958 1518 2348 1584 Saturninae
2371 1523 2435 1583 et
2458 1519 2790 1585 Hilarinae
2818 1520 3133 1585 transitus

673 1639 825 1685 cum
868 1620 1005 1684 vita
1054 1620 1251 1685 beata
1303 1623 1607 1684 narratur
1656 1618 1725 1683 in
1776 1618 1968 1702 plebe
1998 1621 2065 1683 et
2105 1622 2334 1684 sancta
2361 1618 2625 1701 dignum
2657 1622 2757 1684 est
2799 1624 2873 1684 ut
2901 1622 3136 1702 agatur

672 1718 1091 1783 veneratione
1122 1718 1233 1800 (1).
3127 1724 3134 1729 “

756 1815 1011 1880 Forsan
1060 1817 1247 1880 etiam
1291 1836 1365 1880 ex
1415 1815 1619 1880 codice
1664 1814 1929 1880 Beda-no
1971 1815 2331 1899 desumptus
2379 1822 2467 1880 est
2509 1823 2640 1880 tum
2683 1816 2786 1880 die
2825 1816 2870 1879 2
2910 1817 3133 1881 ittartii

673 1936 896 1980 nomeu
913 1914 1134 1981 Cedde
1164 1915 1468 1998 episcopi,
1494 1914 1659 2000 quod
1689 1914 1935 2000 quidem
1959 1916 2028 1977 in
2059 1904 2507 1999 martyroloyio
2535 1915 2698 1979 edito
2723 1936 2850 1979 non
2880 1935 3132 2000 compa-

671 2021 786 2096 ret,
836 2013 914 2078 ab
949 2013 1337 2079 Henschenio
1388 2020 1595 2077 tamen
1644 2015 1712 2078 in
1764 2015 2022 2099 antiquo
2072 2014 2435 2096 exemplari,
2487 2015 2591 2078 cui
2641 2013 2854 2078 Bedae
2908 2035 3129 2079 nomen

662 2114 1026 2198 praefixum
1049 2104 1203 2193 erat,
1225 2119 1539 2197 repertum
1582 2120 1670 2177 est
1694 2114 1803 2196 (2),
1834 2119 1965 2176 tum
1997 2113 2097 2177 die
2125 2115 2161 2177 1
2192 2134 2332 2197 apr.
2357 2114 2528 2177 locus
2568 2113 2644 2177 de
2676 2113 2796 2178 SS.
2828 2116 3047 2199 Aqape
3073 2121 3131 2179 et

682 2211 948 2278 Chionia
963 2235 991 2291 ;
1010 2211 1100 2275 ibi
1126 2219 1281 2276 certe
1303 2211 1392 2275 ad
1412 2210 1661 2276 verbum
1706 2232 1848 2275 cum
1879 2211 2139 2276 Bedano
2169 2219 2337 2276 textu
2360 2215 2635 2277 convenit
2680 2211 3134 2295 Wolflzardus;

672 2331 889 2375 verum
915 2311 1048 2375 ideo
1070 2309 1264 2375 dubia
1308 2331 1407 2375 res
1448 2318 1676 2389 manet,
1722 2311 1889 2395 quod
1932 2310 2176 2375 Bedam
2213 2310 2300 2375 ad
2320 2311 2568 2375 verbum
2592 2313 2782 2375 etiam
2804 2313 3132 2396 exscripsit

674 2409 1050 2490 Hrabanus,
1079 2430 1198 2496 quo
1238 2408 1658 2492 Wolfhardus
1686 2412 1783 2473 uti
1797 2412 2027 2494 potuit.

754 2511 861 2574 An
890 2530 1031 2573 vero
1058 2529 1276 2593 reapse
1315 2508 1629 2572 Hrabano
1670 2528 1823 2573 usus
1863 2511 1963 2591 sit,
1994 2529 2081 2573 an
2111 2516 2164 2573 et
2186 2529 2345 2593 quae
2379 2510 2512 2573 alia
2541 2510 2998 2594 martyroloqia
3033 2509 3123 2575 vel

672 2607 1053 2673 kalendaria
1083 2608 1333 2688 adierit,
1373 2627 1501 2672 non
1529 2614 1615 2671 est
1643 2607 1903 2690 definire
1924 2607 2037 2690 (3).
2075 2607 2280 2670 Unum
2309 2613 2516 2671 tamen
2540 2614 2796 2691 praeter
2825 2608 2955 2671 iam
2985 2608 3130 2670 lau-

677 2708 834 2774 data
856 2714 1014 2774 certe
1041 2706 1346 2792 adhibuit,
1367 2707 1594 2772 scilieet

770 2903 919 2969 VII.
963 2902 1499 2969 MARm'onosnm
1562 2901 2098 2981 ΗιεΒοΝῑωΑΝσΜ,
2124 2901 2300 2987 'quod
2349 2923 2390 2966 a-
2449 2902 2827 2987 Wolfhardo
2868 2907 3129 2970 citatum

673 3023 801 3068 esse
847 3023 1046 3088 supra
1097 3004 1225 3067 iam
1282 3001 1557 3066 vidimus
1576 3003 1685 3085 (4).
1730 3001 1831 3066 De
1871 3001 2076 3065 eodem
2119 3003 2309 3065 etiam
2360 3003 2641 3066 mem-init
2681 3003 2782 3067 die
2820 3004 2902 3069 25
2949 3025 3130 3068 mar·

672 3105 747 3168 tii
766 3127 787 3167 .-
842 3103 990 3187 Ipso
1034 3102 1158 3182 die,
1187 3102 1353 3167 sicut
1409 3090 1639 3167 sancta
1688 3101 2114 3179 annuntiatio,
2155 3100 2246 3165 ita
2284 3100 2563 3183 gloriosa
2603 3102 2861 3167 Domini
2908 3104 3127 3187 passio

675 3202 1121 3268 Hierosolimis
1185 3201 1251 3266 in
1319 3201 1779 3283 martyrologio
1835 3199 2193 3265 Hieronimi
2241 3199 2592 3278 invenitur3
2640 3201 2747 3264 sed
2796 3209 2849 3265 et
2894 3204 3130 3286 saepis-

674 3304 827 3367 sime
847 3301 998 3365 alibi
1019 3301 1223 3366 eodem
1254 3320 1407 3363 usus
1427 3307 1533 3364 est.
1571 3300 1872 3379 Qecanwis
1915 3300 2077 3362 enim
2107 3298 2484 3364 addubitare
2531 3300 2666 3363 lieet
2694 3307 2910 3364 utrum
2941 3321 3127 3386 quae-

673 3400 826 3466 dam
866 3401 1125 3464 nomina
1162 3401 1454 3483 proxime
1483 3419 1557 3462 er
1598 3397 2096 3482 hieronymianis
2125 3397 2434 3461 codicibus
2462 3399 2873 3482 desumpserit
2899 3407 3129 3482 noster,

674 3520 762 3564 an
800 3500 1016 3583 potius
1058 3518 1132 3561 ex
1188 3497 1663 3581 vnavty1·ol09iis
1728 3495 2188 3576 recentioribus,
2232 3496 2444 3560 Bedae
2506 3517 2737 3582 nempe,
2808 3497 3125 3582 Hrabani,

676 3598 954 3678 Notkeri,
983 3599 1094 3682 qui
1134 3603 1188 3660 et
1235 3597 1363 3680 ipsi
1389 3617 1462 3660 ex
1502 3595 2001 3680 hieronymianis
2040 3595 2327 3659 nonnihil
2366 3595 2732 3677 hauserunt,
2760 3604 2968 3661 tamen
2980 3599 3129 3683 plu-

672 3699 843 3762 rima
881 3681 1029 3760 sunt
1071 3703 1434 3760 sanctorum
1477 3697 1754 3777 nomina,
1798 3715 1956 3780 quae
1998 3693 2419 3776 Wolfhardus
2455 3696 2623 3760 solus
2663 3716 2805 3759 cum
2839 3695 3130 3782 hierony-

675 3798 909 3861 mianis
948 3781 1127 3861 habet
1167 3796 1569 3874 commum'a5
1618 3794 1786 3858 unde
1833 3801 1992 3858 certo
2040 3795 2267 3858 cettius
2316 3803 2402 3859 est
2455 3797 2579 3880 ipsi
2610 3816 2774 3879 prae
2835 3797 3130 3863 manibus

642 3925 649 3932 ·
678 3896 878 3979 fuisse
918 3896 1237 3981 exemplar
1278 3894 1539 3979 aliquod
1581 3893 2025 3979 martyroloyii
2062 3893 2548 3978 hieronymiani.
2590 3894 2771 3973 Quod
2816 3903 3022 3961 autem
3073 3905 3131 3962 et
3234 3970 3238 3973 y

684 3996 866 4080 quale
881 3995 1101 4077 fuerit,
1122 3996 1510 4079 iynoramus.
1537 3992 1685 4058 Non
1708 3995 2012 4077 inteyrum
2038 3995 2200 4056 enim
2225 3992 2383 4056 illud
2405 3995 2470 4056 in
2499 3993 2730 4057 librum
2753 4014 2933 4058 suum
2967 4016 3128 4061 reee-

665 4095 770 4178 pit
826 4093 1270 4177 Wolfhardus,
1315 4093 1423 4157 sed
1465 4092 1555 4157 ad
1595 4093 1875 4177 siuqulos
1917 4092 2050 4156 dies
2089 4113 2165 4155 ex
2205 4094 2339 4175 ipso
2382 4091 2566 4157 modo
2599 4093 2842 4158 nullum
2888 4116 3128 4178 nomen,

634 4189 639 4194 ’
670 4193 854 4257 modo
881 4192 1007 4257 duo
1039 4194 1125 4256 vel
1152 4195 1302 4274 trice,
1332 4192 1487 4257 alibi
1526 4191 1727 4257 decem
1779 4192 1870 4256 vel
1896 4193 2133 4276 riyinti,
2155 4190 2414 4255 subinde
2445 4193 2630 4255 etiam
2656 4192 2809 4276 plus
2845 4194 3128 4277 quadra-

673 4295 970 4380 qinta,—
998 4299 1052 4356 et
1101 4291 1350 4377 quidem
1405 4293 1474 4354 in
1526 4298 1648 4355 toto
1691 4292 1995 4355 ianuario
2053 4293 2157 4354 vix
2206 4312 2427 4372 unum,
2475 4293 2542 4354 in
2593 4291 2895 4355 decembri
2934 4295 3128 4358 etiam

737 4475 812 4544 (1)
846 4473 925 4528 Cf.
949 4477 1067 4528 Act.
1090 4475 1201 4539 SS„
1218 4474 1353 4529 Nov,
1376 4481 1414 4528 t.
1433 4473 1563 4537 11.1,
1580 4488 1631 4541 p.
1656 4471 1755 4542 [3],
1778 4473 1849 4527 ad
1871 4473 1997 4527 d.31
2024 4472 2138 4527 dec.
2160 4501 2226 4510 —
2249 4474 2321 4537 (Ξ)
2354 4475 2473 4526 Act.
2501 4473 2611 4537 SS„
2635 4472 2791 4527 Mart.
2819 4479 2862 4527 t.
2882 4475 2921 4538 Ι,
2939 4491 2991 4542 p.
3011 4476 3128 4542 144,

669 4574 822 4614 num.
844 4559 894 4613 5.
916 4587 980 4598 —
1005 4557 1076 4622 (3)
1100 4557 1183 4610 Ita
1205 4572 1255 4609 v.
1278 4571 1347 4623 g„
1378 4572 1506 4610 cum
1530 4556 1618 4610 die
1653 4557 1687 4609 9
1710 4560 1846 4623 sept.
1868 4553 2256 4623 martyrologio
2295 4572 2396 4609 suo
2431 4555 2673 4609 inscribit
2711 4572 2914 4610 nomen
2941 4561 3130 4614 Audo-

668 4643 818 4696 mari
849 4642 1082 4708 episcopi
1113 4647 1160 4692 et
1194 4641 1537 4706 confessoris,
1561 4637 1790 4692 minime
1815 4638 1986 4707 liquet
2020 4641 2201 4691 utrum
2240 4636 2373 4692 illud
2414 4654 2481 4691 ex
2517 4638 2834 4692 kalendario
2867 4640 3126 4708 quodam,

666 4728 799 4793 puta
843 4738 910 4776 ex
953 4720 1284 4788 corbeiensi,
1341 4737 1414 4775 an
1468 4737 1535 4775 ex
1578 4720 1880 4789 exemplari
1917 4720 2102 4788 aliquo
2160 4720 2544 4788 martyrologii,
2586 4721 2732 4789 quod
2775 4721 3128 4778 Bedae-Flori

668 4804 876 4872 dicitur,
901 4820 973 4859 an
1016 4820 1085 4858 ex
1128 4803 1379 4868 Usuardo
1420 4803 1552 4860 illud
1592 4803 1862 4871 acceperit
1901 4802 1988 4868 (cf.
2032 4805 2152 4856 Act.
2184 4803 2295 4870 88„
2336 4804 2480 4871 Sept.
2505 4808 2543 4857 t.
2578 4803 2669 4868 111,
2707 4819 2758 4871 p.
2778 4804 2871 4858 391
2907 4803 3024 4873 sq.).
3058 4834 3134 4847 -

667 4888 738 4956 (Ξ)
758 4888 947 4957 supra,
967 4902 1041 4941 w·
1074 4954 1079 4958 ,
1195 4900 1200 4906 ’
