3487 5450
707 568 757 643 6
1593 588 1684 643 nn
1730 587 2282 643 mmonomo

704 788 891 846 netur
950 778 1389 865 Wolfhardus,
1428 780 1634 865 ipsius
1679 786 1890 845 tamen
1943 778 2060 843 hoc
2099 797 2258 862 opus
2304 797 2430 843 esse
2466 777 2623 843 olim
2669 778 2808 842 iam
2838 777 3164 864 perspait

701 880 948 963 Peziue,
976 882 1081 944 cui
1108 880 1398 945 moderni
1422 886 1863 946 consenserunt
1888 898 2099 943 omnes
2124 879 2236 962 (1).
2266 877 2442 959 Quae
2481 896 2698 961 nempe
2719 875 2799 942 de
2842 875 3172 961 Wolfhar-

703 979 899 1044 diano
959 978 1118 1044 libro
1186 979 1462 1044 tradidit
1527 999 1889 1064 anonymus
1947 976 2345 1057 Haserensis,
2406 998 2480 1042 ea
2535 978 2790 1042 omnino
2851 979 2921 1040 in
2977 979 3168 1042 istum

702 1079 1047 1165 quadrant.
1106 1078 1635 1165 Mar-tyroloqium
1695 1079 1860 1144 enim
1905 1084 2012 1159 est,
2057 1078 2125 1140 in
2173 1076 2497 1141 duodecim
2545 1076 2737 1142 libros
2779 1096 2886 1141 seu
2934 1096 3171 1141 menses

700 1178 997 1260 divisum,
1040 1179 1108 1242 in
1156 1199 1297 1265 quo,
1325 1186 1397 1243 ut
1432 1179 1677 1262 factum
1719 1185 1810 1243 est
1854 1179 1920 1241 in
1962 1177 2455 1261 martyroloyiis,
2498 1196 2657 1262 quae
2683 1175 2993 1241 historica
3037 1175 3168 1241 dici

699 1279 915 1360 solent,
958 1298 1084 1343 non
1120 1278 1300 1342 nuda
1340 1284 1705 1345 sanctorum
1747 1279 2011 1342 nomina
2051 1282 2466 1355 recensentur,
2506 1275 2614 1341 sed
2655 1296 2842 1361 saepe
2881 1276 3169 1361 ipsorum

696 1377 965 1443 historia
1014 1377 1196 1442 modo
1228 1379 1479 1461 paucis,
1529 1377 1713 1441 modo
1746 1376 2048 1462 pluribus
2085 1383 2469 1453 enarratum·
2510 1411 2591 1423 —
2645 1376 2896 1440 nullum
2950 1383 3162 1440 autem

699 1482 864 1551 inter
914 1484 1161 1541 sanctos
1212 1478 1353 1541 illos
1392 1478 1666 1561 reperire
1706 1483 1814 1558 est,
1857 1477 1966 1561 qui
2008 1483 2207 1539 aetate
2263 1473 2630 1556 Wolfhardi
2694 1495 2820 1539 non
2861 1476 2945 1540 sit
2990 1475 3169 1559 lonqe

701 1578 1061 1662 antiquior,·
1090 1613 1165 1625 —
1189 1575 1462 1655 demum,
1482 1576 1554 1639 id
1581 1575 1752 1661 quod
1778 1581 1972 1660 caput
1998 1581 2106 1656 est,
2128 1595 2204 1638 esc
2222 1573 2626 1657 praefatione
2652 1573 2742 1637 ad
2770 1572 3006 1638 librum
3024 1575 3170 1658 pri-

706 1696 885 1740 mum
919 1676 1012 1759 (2)
1042 1676 1456 1759 comperimus
1484 1695 1642 1760 opus
1683 1675 1850 1739 illud
1893 1676 2071 1738 iussu
2112 1671 2545 1737 Erchauboldi
2585 1675 2856 1757 episcopi
2896 1674 3171 1737 couscri-

690 1782 880 1859 ptum
924 1794 1068 1839 esse.
1098 1774 1374 1839 Domino
1416 1774 1790 1853 adiuvante,
1838 1775 1934 1838 ait
1975 1780 2216 1853 auctor,
2245 1772 2629 1856 vestrisque,
2657 1776 2851 1856 pater
2881 1772 3170 1837 Erchan-

697 1874 913 1958 polde‚
942 1873 1343 1938 orationibus
1387 1873 1604 1952 fultus,
1648 1873 2013 1937 iniunctum
2053 1891 2218 1954 opus
2261 1870 2626 1954 aggredior3
2671 1873 2738 1934 in
2757 1870 3168 1956 praefatione

699 1980 913 2038 autem
970 1972 1058 2037 ad
1109 1971 1340 2036 librum
1396 1975 1649 2036 tertium
1715 1974 2014 2057 quisnam
2063 1970 2262 2053 fuerit
2319 1971 2420 2035 ille
2476 1969 2977 2053 Erchanboldus,
3031 1972 3171 2034 iam

696 2072 1054 2136 distinctius
1081 2070 1349 2135 edicitur
1373 2094 1397 2135 .·
1417 2070 1775 2147 Hactenu5‚
1804 2073 1995 2154 pater
2024 2070 2277 2153 egregie
2315 2074 2382 2135 et
2408 2069 2708 2153 pontifex
2750 2089 3007 2135 summe
3051 2069 3167 2154 (3).

794 2168 977 2249 Quod
1046 2167 1414 2251 Wolfliardi
1471 2168 1997 2252 martyroloqium
2055 2187 2195 2230 cum
2261 2168 2330 2230 in
2385 2167 2680 2231 manibus
2734 2167 2791 2231 ei
2848 2173 3016 2249 esset,
3061 2167 3174 2252 qui

702 2288 1007 2354 magnum
1051 2268 1518 2353 Leqendarium
1547 2269 1986 2349 Austriacum,
2016 2265 2093 2331 de
2133 2285 2255 2351 quo
2300 2286 2446 2330 mox
2483 2266 2709 2351 plura,
2743 2268 3003 2350 primus
3046 2265 3170 2331 eot-

697 2368 964 2453 leyitffl),
991 2367 1049 2431 is
1075 2387 1151 2431 ex
1187 2365 1567 2449 Wolfhardo
1593 2372 1731 2430 tum
1762 2367 1916 2446 alia,
1950 2372 2084 2429 tum
2103 2365 2532 2449 praefationes
2559 2366 2630 2429 in
2659 2364 2941 2449 sinqulos
2969 2364 3164 2430 libros

698 2486 808 2531 seu
836 2485 1072 2530 menses
1092 2465 1229 2549 fere
1256 2465 1345 2530 ad
1388 2466 1638 2529 verbum
1679 2465 2013 2547 exscripsit
2054 2465 2166 2548 (5),
2215 2471 2270 2527 et
2311 2466 2405 2527 ita
2449 2463 2701 2549 quidem
2741 2470 2811 2528 ut
2838 2464 3059 2528 saltem
3101 2465 3172 2528 in

700 2627 786 2677 est
801 2639 944 2678 saec.
967 2622 1139 2678 etiam
1154 2622 1253 2678 ΧΠ
1274 2623 1443 2678 breve
1466 2619 1936 2691 martyrologium,
1968 2620 2118 2690 quod
2138 2637 2175 2674 a
2203 2620 2615 2675 Wolthardiano
2648 2636 2872 2690 prorsus
2894 2620 3174 2676 diversum

699 2710 801 2762 est.
835 2698 1063 2761 Constat
1094 2706 1228 2761 solis
1264 2711 1581 2762 sanctorum
1616 2704 1952 2770 nominibus,
1973 2703 2128 2760 nullo
2152 2703 2365 2759 adiecto
2386 2705 2637 2760 locorum
2661 2703 2906 2759 nomine.
2925 2700 3175 2772 Exempli

699 2788 1131 2858 gratiaprimam
1158 2788 1425 2844 diemhic
1457 2787 1782 2843 transcribo.
1818 2789 1947 2843 Kn-
1981 2788 2091 2843 Ias.
2131 2790 2486 2842 circumcisio
2513 2789 2750 2842 Domini.
2798 2788 3170 2843 Atmacieiim.

701 2871 994 2925 Concordii
1015 2888 1085 2922 m.
1112 2871 1378 2924 Basiliie.
1404 2870 1679 2938 Fulyentii
1700 2888 1742 2923 e.
1768 2871 2089 2936 Euyendia.
2115 2869 2419 2923 Παπίνιον.
2446 2870 2850 2936 Eufrosinaeo.
2881 2869 3171 2923 oudilonis

698 2970 752 3007 a.
771 2953 1089 3022 Aqrippini.
1133 2952 1436 3020 Eufroeini
1465 2970 1508 3006 e.
1550 2953 1841 3020 Theoym'te
1864 2969 1908 3005 v.
1944 2952 2129 3005 Severi
2164 2969 2209 3006 e.
2250 2953 2528 3005 ffimiani
2566 2969 2612 3005 e.
2646 2953 2923 3006 Hermetis
2961 2969 3007 3005 c.
3044 2951 3179 3005 Gaii

698 3053 745 3089 e.
800 3035 1033 3090 Victoris
1060 3052 1106 3089 c.
1160 3038 1448 3089 Anastasii
1496 3053 1540 3089 c.
1573 3036 1757 3089 Lisbii
1794 3053 1867 3088 m.
1911 3035 2148 3089 lev-othei
2179 3052 2230 3088 α.
2279 3034 2351 3089 Ut
2386 3050 2518 3088 vero
2568 3033 2678 3088 hoc
2709 3035 2834 3088 loco
2885 3032 3176 3089 odilonem

700 3116 1090 3186 martyrologio
1129 3133 1234 3171 suo
1276 3116 1550 3186 inscripsit
1589 3121 1801 3184 auctor,
1825 3117 1902 3172 ita
1932 3117 1991 3171 in
2032 3117 2245 3185 reliquo
2286 3117 2475 3170 libello
2515 3117 2692 3170 multo
2729 3117 2917 3185 plnres
2956 3119 3178 3171 sanctos
3221 3152 3225 3156 «

699 3199 1015 3254 recentioris
1052 3199 1264 3264 aetatis,
1298 3200 1640 3268 germanicos
1672 3201 2016 3268 praesertim,
2043 3199 2334 3263 recensuit,
2374 3215 2543 3268 quam
2566 3199 2696 3254 {ecit
2717 3199 3090 3254 Wolnmdus.
3110 3228 3178 3240 —

701 3281 778 3348 (1)
819 3282 1001 3337 1)οω
1041 3282 1098 3336 in
1144 3283 1384 3336 Archino
1418 3281 1633 3344 Pertzii,
1667 3287 1704 3336 t.
1746 3282 1812 3348 V,
1850 3299 1901 3351 p.
1934 3284 2062 3347 565;
2117 3284 2296 3337 Gatal.
2335 3285 2450 3336 cod.
2488 3285 2584 3337 lat.
2628 3283 2751 3337 bibl.
2794 3300 2907 3351 rep.
2946 3282 3176 3346 Monac..

699 3370 740 3419 t.
778 3364 870 3430 111,
911 3369 1066 3434 parte
1107 3382 1165 3420 111
1205 3365 1395 3430 (1878),
1417 3371 1489 3434 ¹p.
1515 3365 1640 3427 13ae
1674 3365 1739 3420 Ο.
1771 3365 2192 3418 Homeri-Esou
2231 3365 2288 3418 in
2329 3365 2478 3430 HG„
2516 3365 2634 3419 Ser.
2670 3370 2711 3419 t.
2747 3364 2863 3430 XV,
2901 3381 2952 3434 p.
2975 3364 3091 3419 536.
3109 3392 3179 3404 -

698 3445 775 3512 (2)
798 3445 1167 3500 Praefationes
1200 3445 1333 3499 istas
1370 3444 1539 3499 edidit
1572 3444 2122 3510 Pnz,17⁸es.anecd.,
2160 3449 2200 3499 t.
2222 3444 2314 3508 Vl,
2347 3445 2452 3500 col.
2493 3447 2647 3499 9092
2670 3447 2759 3511 (=
2779 3445 2969 3510 Πιαιιι,
3005 3446 3071 3498 Ρ.
3091 3444 3177 3509 L..

700 3532 741 3581 t.
771 3527 1001 3589 mtx,
1039 3528 1143 3582 col.
1181 3527 1399 3590 893-98),
1442 3527 1841 3594 praefationem
1882 3527 2106 3595 quidem
2150 3527 2207 3581 in
2252 3527 2564 3582 ianuarium
2609 3544 2678 3582 ex
2729 3529 2951 3583 laudato
2989 3525 3179 3582 codice

701 3610 1111 3678 Tegernseensi.
1150 3610 1264 3664 iam
1303 3609 1630 3673 monacensi,
1674 3609 1914 3679 reliquas
1963 3626 2033 3664 ex
2087 3610 2363 3665 codicibus
2411 3611 2812 3665 Hellicensibus
2858 3609 3180 3679 Legendarii

702 3692 989 3752 Austriaci.
1002 3693 1071 3747 de
1087 3692 1288 3762 quibus
1311 3693 1479 3756 infra:
1501 3692 1896 3760 praefationem
1916 3693 2139 3747 tamen
2125 3710 2180 3747 ιιι
2199 3710 2447 3747 mensem
2467 3693 2808 3748 februarium
2832 3693 3035 3756 omisit.
3049 3709 3177 3749 cum

705 3776 796 3831 hic
818 3776 1023 3831 mensis
1047 3776 1101 3830 in
1127 3775 1403 3830 codicibus
1426 3775 1826 3830 Mellicensibus
1859 3792 1970 3830 non
2005 3777 2368 3844 reperiretur;
2387 3777 2549 3836 huius
2584 3777 2940 3845 praefationis
2965 3777 3177 3831 initium

705 3874 775 3913 ex
798 3858 985 3913 codice
1007 3857 1400 3926 Tegernseensi
1418 3863 1610 3927 postea
1628 3858 1901 3926 supplevit
1918 3859 2104 3913 Docen
2127 3860 2184 3912 in
2206 3861 2442 3913 Archino
2463 3859 2669 3924 Pertzii,
2693 3864 2734 3913 t.
2749 3859 2813 3921 V,
2831 3876 2884 3926 p.
2902 3860 3032 3923 565;
3055 3858 3178 3914 reli-

705 3957 876 4010 quam
906 3944 1118 4009 partem
1151 3940 1398 3995 eiusdem
1438 3941 1532 3995 hic
1569 3940 1730 3995 edere
1764 3957 2166 4010 supervacuum
2208 3943 2367 4007 duco,
2399 3958 2528 3996 cum
2561 3947 2680 3996 tota
2722 3942 3070 4009 paraenetica
3107 3941 3180 3995 sit

701 4039 883 4093 neque
914 4025 1206 4092 quicquam
1260 4024 1466 4078 habeat
1504 4027 1701 4078 notatu
1736 4024 1979 4092 dignum.
2016 4023 2416 4079 praefationem
2462 4024 2522 4079 in
2562 4025 2766 4078 librum
2812 4029 3072 4093 quartum
3108 4040 3177 4078 ex

703 4106 892 4162 codice
928 4106 1237 4161 Zwettlensi
1258 4107 1326 4161 24
1348 4107 1550 4161 iterum
1585 4106 1752 4160 edidit
1775 4108 1838 4161 A.
1866 4106 2095 4160 Machar
2127 4107 2184 4160 in
2224 4109 2462 4161 Archino
2497 4107 2704 4171 Pertzii,
2729 4113 2767 4161 t.
2792 4106 2883 4170 VI,
2900 4124 2953 4174 p.
2980 4107 3176 4168 168-69,

705 4192 896 4257 utpote
929 4188 1024 4257 qui
1055 4189 1208 4242 illam
1229 4205 1266 4242 a
1287 4190 1465 4243 scriba
1486 4187 1689 4243 codicis
1712 4188 1871 4243 istius
1890 4190 2195 4243 confectam
2222 4205 2343 4244 me
2364 4189 2607 4257 putabat,
2628 4205 2809 4259 neque
2832 4189 3177 4244 animadver-

705 4274 899 4326 terata
919 4271 1079 4326 Pezio
1100 4273 1210 4326 iam
1228 4271 1433 4326 editam
1455 4288 1592 4327 esse.
1613 4299 1683 4311 —
1723 4272 1797 4338 (3)
1823 4271 1901 4326 Cf.
1920 4272 2088 4340 praef.
2112 4272 2181 4327 ad
2205 4271 2406 4326 librum
2430 4271 2528 4326 VII
2547 4291 2561 4325 ε
2588 4277 2894 4326 antistitum
2931 4289 3143 4339 yemma
3155 4289 3179 4335 ,-

708 4355 779 4408 ad
795 4353 997 4408 librum
1013 4352 1064 4407 X
1089 4373 1103 4407 :
1112 4358 1366 4424 pontifex
1381 4372 1504 4409 vere
1523 4357 1667 4409 beate
1688 4357 1816 4409 etin
1833 4358 2052 4410 auxula
2071 4357 2427 4409 memorande.
2448 4383 2516 4394 —
2538 4355 2613 4423 (4)
2638 4354 2864 4410 Collatis
2887 4354 3181 4418 codicibus,

708 4437 1076 4504 comperimus
1115 4453 1230 4491 non
1254 4437 1719 4505 Tegernseensem
1754 4437 2002 4492 codicem
2042 4437 2540 4503 wolfhardianum,
2573 4438 2671 4492 sed
2694 4438 2867 4492 alium
2903 4438 3179 4506 quendam

706 4535 876 4589 penes
892 4519 1209 4588 Legendarii
1224 4520 1577 4574 collectorem
1597 4519 1791 4583 fuissem
1811 4520 2102 4589 aliquando
2122 4520 2269 4574 enim
2292 4525 2502 4575 rectam
2519 4520 2813 4575 lectionem
2831 4519 2891 4574 in
2907 4520 3182 4589 Legenda·

705 4602 789 4656 rio
808 4602 1157 4671 reperire‘est,
1173 4601 1307 4657 dum
1324 4602 1526 4657 ibidem
1552 4602 1726 4657 codex
1746 4602 2170 4670 Tegernseensis
2187 4603 2401 4657 mendis
2418 4603 2715 4657 manifestis
2738 4607 2824 4656 ast
2843 4603 3176 4671 inquinatus.

707 4712 772 4725 —
791 4687 866 4752 (5)
901 4685 1122 4742 collatis
1155 4701 1284 4741 cum
1317 4685 1645 4740 Woll'hardo
1677 4685 1766 4752 (=
1788 4685 1880 4751 W)
1917 4685 2320 4753 exemplaribus
2353 4685 2675 4754 Legendarii
2713 4684 2972 4740 austriaci
3003 4686 3092 4754 (=
3123 4688 3176 4750 λ)

706 4784 909 4837 paucas
930 4768 1141 4838 repperi
1160 4769 1218 4823 in
1238 4769 1668 4838 praefationibus
1690 4769 1956 4823 lectiones
1978 4767 2286 4833 variantes:
2319 4785 2386 4823 ex
2418 4769 2618 4838 quibus
2653 4785 2746 4822 eas
2776 4769 3066 4823 dumtaxat
3085 4769 3179 4823 hic

707 4851 916 4906 subicio
948 4867 1091 4922 quae
1112 4851 1341 4906 alicuius
1374 4851 1646 4906 momenti
1679 4867 1803 4905 eoee
1839 4851 2102 4906 videntur.
2124 4851 2188 4905 In
2219 4851 2557 4920 praefatione
2579 4851 2650 4904 ad
2671 4851 2983 4906 ianuarium
3007 4868 3120 4907 om.
3142 4854 3176 4905 λ

708 4934 848 4989 haec
867 4936 1038 4989 verba
1058 4954 1074 4990 ε
1091 4937 1403 5003 vestrisque,
1419 4944 1581 5005 pater
1601 4936 2000 5003 Erekanpolde,
2017 4936 2354 4990 orationibus
2368 4936 2642 5003 fultus.—
2656 4934 2723 4989 In
2744 4934 3082 5003 praefatione
3104 4935 3175 4988 ad
