3487 5450
695 569 837 643 184
1243 587 1333 640 m:
1385 585 1629 640 mono
1677 585 2122 639 neutrumne
2171 585 2585 667 Ausmco.

685 799 827 844 vero
840 779 1011 862 feria
1032 778 1101 841 in
1121 796 1439 862 vesperam
1461 775 1816 861 producito.
1847 775 1971 841 Sed
1992 777 2150 841 enim
2178 774 2257 839 ab
2298 776 2651 840 ascensione
2682 774 2948 839 Domini
2986 794 3138 839 con-

687 879 883 943 tinuis
909 875 1123 941 diebus
1152 877 1360 961 ipsum
1385 874 1637 940 observa
1661 876 1970 952 ieiunium
2007 891 2202 963 usque
2228 876 2296 938 in
2338 875 2542 939 sancti
2567 874 2849 958 Spiritus
2890 873 3143 938 descen-

686 997 847 1041 sum.
870 975 1117 1041 Abinde
1143 975 1389 1060 quidem
1418 974 1780 1057 feriarum⁶
1797 976 2080 1060 persolve
2098 974 2230 1039 dies
2269 975 2488 1039 solitas
2500 974 2545 1053 ⁸,
2586 980 2654 1037 ut
2670 975 2861 1058 prius
2886 973 3143 1053 solebas,

686 1076 876 1140 donec
897 1075 1205 1159 compleas
1218 1074 1465 1139 dierum
1488 1094 1969 1160 numerum,quo
1992 1094 2192 1138 meum
2210 1073 2460 1139 celebres
2476 1072 2729 1155 festum,
2745 1074 2970 1138 eisdem
2993 1075 3149 1137 ieiu-

687 1177 941 1239 niorum
963 1174 1176 1239 diebus
1184 1174 1458 1259 psalmis
1480 1173 1831 1238 decantatis
1844 1194 1968 1257 pro
1990 1173 2290 1259 qualitate
2301 1172 2757 1257 possibilitatis.
2782 1172 2962 1253 Quod
2981 1173 3142 1237 dum
3187 1189 3224 1237 ο

690 1274 1105 1359 compleveris,
1122 1273 1481 1338 memoriale
1507 1293 1711 1337 meum
1733 1273 1847 1337 tibi
1865 1272 2164 1358 relinquo.

773 1381 843 1441 8.
875 1374 994 1439 His
1019 1374 1111 1439 ita
1131 1373 1421 1438 diffinitis
1442 1376 1506 1439 et
1528 1372 1686 1451 aliis,
1709 1376 1784 1438 ut
1804 1372 1937 1438 iam
1958 1372 2109 1451 dixi,
2132 1371 2650 1450 mirabilioribus,
2673 1371 2909 1454 quibus
2927 1371 3147 1437 littera

691 1471 1089 1549 subducitur,
1139 1470 1292 1554 quia
1325 1469 1488 1534 fides
1540 1489 1581 1534 a
1628 1469 2055 1552 pusillanimis
2094 1487 2227 1533 non
2263 1460 2593 1544 astruitur,
2641 1489 2879 1555 aurora
2918 1488 3145 1545 cursus

688 1570 988 1655 provexit
1017 1575 1083 1634 et
1108 1569 1206 1634 sol
1232 1568 1451 1634 radios
1493 1568 1776 1633 advexit.
1804 1567 2024 1633 Tunc¹
2050 1567 2269 1651 plures
2311 1568 2655 1646 advenere,
2697 1588 2867 1651 quae
2897 1568 3146 1633 dudum

690 1690 809 1755 per
836 1669 1195 1754 quamlibet
1221 1668 1658 1733 necessariam
1698 1668 1988 1750 corporis
2015 1667 2642 1735 administrationem
2670 1668 2938 1733 abfuere
2950 1667 2994 1747 ²,
3023 1686 3151 1733 nec
3189 1680 3264 1733 ⁴0

690 1769 889 1835 fidem
911 1768 1005 1834 rei
1034 1769 1479 1833 adtribuentes
1510 1766 1822 1851 quiddam
1848 1767 2020 1832 inter
2060 1785 2130 1830 se
2179 1766 2435 1831 fuerant
2475 1768 2926 1845 mussitantes;
2973 1767 3150 1850 quod

693 1868 950 1935 divinae
988 1887 1121 1932 non
1169 1868 1382 1933 fuerat
1431 1871 1661 1950 aptum
1714 1866 2115 1944 concordiae,
2178 1869 2251 1930 ut
2292 1864 2549 1930 edocuit
2583 1870 2852 1931 eventus
2890 1886 3152 1932 causae.

690 1968 863 2049 Nam
892 1968 1059 2032 inter
1085 1967 1287 2032 verba
1315 1965 1562 2031 dissidii
1612 1985 1926 2031 concussa
1962 1970 2244 2050 tremore
2272 1965 2520 2049 grandi,
2556 1965 2961 2049 proloquitur
2987 1985 3148 2031 voce

690 2066 1072 2134 lacrimabili
1101 2088 1117 2131 ε
1148 2065 1403 2130 Adsunt
1430 2065 1691 2150 quidam
1720 2067 1934 2151 iynoti,
1957 2064 2143 2128 veluti
2170 2064 2502 2129 cuiusdam
2532 2065 2738 2150 leyati,
2767 2065 3032 2129 volentes
3057 2086 3155 2129 me

696 2167 995 2231 abducere
1034 2167 1103 2229 in
1150 2166 1510 2245 remotiora,
1561 2166 1863 2250 quoniam
1912 2164 2015 2227 hic
2062 2184 2188 2227 non
2229 2162 2489 2248 expedit⁴
2509 2184 2710 2229 mora.
2741 2162 2925 2241 Quae
2973 2164 3148 2229 dicta
3192 2176 3264 2227 ⁴5

696 2266 1088 2332 comitantur
1127 2268 1294 2342 acta,
1326 2268 1390 2328 et
1444 2283 1618 2342 mox,
1649 2264 1870 2329 anima
1909 2263 2213 2341 resoluta,
2248 2264 2445 2328 iacuit
2470 2263 2647 2328 velut
2686 2267 2964 2329 mortua.
3002 2263 3143 2329 Hoc

697 2364 966 2432 eaedem
979 2364 1024 2443 ³,
1050 2383 1218 2447 quae
1246 2365 1425 2446 prius
1453 2363 1516 2428 vi
1544 2362 1934 2441 institerant,
1955 2361 2269 2440 videnteS,
2299 2362 2579 2428 atrocius
2604 2364 2768 2427 iram
2801 2362 3157 2428 incenden-

696 2467 796 2530 tes
810 2465 856 2543 4,
883 2465 1065 2529 iussu
1092 2462 1327 2528 minaci
1349 2462 1841 2527 destinaverunt
1863 2461 2049 2526 educi
2069 2466 2136 2527 et
2155 2461 2362 2544 plagis
2389 2461 2607 2527 multis
2635 2461 3149 2545 vapulare.Tum

696 2564 892 2630 modo
922 2562 1195 2627 mirabili
1209 2564 1234 2601 ⁶
1262 2561 1595 2627 cerneres⁶
1622 2560 1904 2626 cadaver
1932 2564 2220 2626 erectum
2246 2561 2314 2625 in
2333 2560 2592 2644 plantas
2613 2562 2706 2626 ita
2727 2562 3148 2627 membratim

675 2662 1040 2747 ,irriguisse‚
1061 2664 1136 2728 ut
1177 2661 1244 2725 in
1271 2659 1514 2727 nullam
1534 2665 1794 2745 partem
1841 2661 2089 2725 moveri
2122 2660 2458 2745 potuisset,
2496 2660 2700 2727 donec
2743 2660 2835 2725 sic
2873 2661 3155 2745 rigidum
3189 2669 3257 2722 2⁰

699 2783 856 2848 sago
883 2762 1208 2839 iniectum,
1240 2760 1510 2826 ecclesia
1561 2765 1858 2827 evectum
1880 2762 1924 2840 Ἰ,
1975 2759 2233 2826 cuidam
2261 2760 2551 2826 cubiculo
2582 2764 2681 2825 est
2707 2761 3159 2844 importatum.

697 2863 795 2929 Ibi
823 2863 1043 2946 itaque
1063 2881 1183 2945 per
1208 2865 1423 2926 totum
1448 2860 1604 2925 illud
1632 2860 1761 2925 diei
1809 2861 2094 2943 spatium
2142 2860 2321 2939 haec,
2346 2879 2548 2943 quam
2579 2860 2881 2939 diximus
2913 2861 3159 2927 sollerti

699 2962 1050 3028 observata
1070 2960 1384 3039 custodia,
1405 2979 1602 3025 sensu
1621 2959 1940 3043 corporali
1960 2979 2225 3043 prorsus
2254 2962 2584 3037 extranea,
2607 2959 3156 3043 contemplatione

699 3060 1130 3144 spiritualium
1156 3059 1407 3142 plenius
1436 3059 1818 3136 exhilarata,
1845 3059 2159 3124 virtutum
2185 3057 2343 3123 nihil
2372 3077 2452 3122 ex
2473 3059 2593 3136 his,
2617 3058 2851 3142 quibus
2893 3078 3164 3126 conces-

697 3180 844 3227 sum
871 3164 971 3225 est
990 3160 1324 3233 interesse,
1354 3178 1436 3223 ex
1457 3161 1613 3224 tunc
1631 3158 1809 3223 licuit
1828 3158 2104 3235 referre,
2135 3157 2311 3240 quod
2329 3158 2556 3241 utique
2576 3158 2859 3240 peccatis
2889 3158 3159 3241 exigen-
3202 3173 3266 3226 2⁸

696 3259 872 3324 tibus
899 3261 1121 3323 actum
1148 3275 1292 3321 esse
1319 3255 1663 3342 credimus,
1676 3260 1818 3321 tam
1844 3275 1963 3339 per
1990 3254 2438 3320 dissidentiam
2466 3274 2666 3338 quam
2685 3255 2960 3335 illarum,
2983 3277 3156 3341 quae

697 3357 1148 3433 interfuerunt,
1178 3354 1627 3419 diffidentiam.
1654 3355 1898 3420 Verum
1923 3352 2059 3438 per'
2069 3359 2280 3419 totum
2308 3354 2463 3419 illud
2497 3355 2623 3420 diei
2656 3356 2945 3438 spatium
2972 3376 3165 3423 soro-

700 3457 880 3522 ribus
937 3454 1595 3521 circumsedentibus⁸
1650 3458 1717 3519 et
1746 3455 1991 3519 exitum
2041 3453 2177 3518 eius
2218 3442 2786 3538 praestolantibus,
2816 3455 2920 3520 die
2962 3456 3164 3522 adve-

704 3558 1118 3639 sperascente
1144 3573 1221 3619 ac
1249 3553 1384 3618 sole
1412 3552 1499 3618 ad
1526 3572 1831 3619 occasum
1863 3556 2189 3635 vergente,
2218 3552 2475 3636 pulsato
2490 3554 2517 3591 ⁹
2544 3554 2726 3636 signo
2767 3547 3163 3636 vespertino,

703 3654 1004 3722 omnibus
1034 3653 1372 3718 ecclesiam
1411 3652 1802 3718 adeuntibus
1826 3652 2202 3736 vigiliasque
2229 3652 2416 3718 solito
2438 3672 2621 3719 more
2650 3652 3150 3733 celebrantibus,
3200 3668 3262 3722 ³⁰

705 3755 844 3821 sola
869 3753 993 3819 illic
1034 3772 1184 3817 cum
1206 3751 1967 3843 iuvencula'remanebat,
1991 3771 2160 3834 quae
2180 3751 2267 3816 illi
2295 3752 2651 3835 magistrali
2678 3772 2834 3818 cura
2860 3758 3161 3836 praesta-

705 3855 840 3920 bat.
863 3852 994 3919 Sed
1016 3852 1186 3917 enim
1207 3851 1436 3917 ultimo
1456 3854 1688 3916 sonato
1709 3870 1982 3935 vespere
2004 3870 2324 3933 campano
2337 3852 2406 3930 ¹⁰,
2426 3851 2652 3933 utique
2674 3851 2962 3931 reducta,
2985 3872 3158 3936 quae

707 3971 976 4036 corpore
1005 3952 1211 4017 erat¹¹
1238 3950 1491 4029 educta,
1514 3951 1636 4016 sub
1657 3950 1931 4016 obtentu
1958 3944 2330 4024 memoriae,
2355 3970 2485 4034 qua
2512 3955 2699 4016 nocte
2721 3952 2921 4033 prio'ri
2940 3953 3155 4018 officio

708 4054 1023 4119 debuerat
1062 4052 1377 4117 interesse
1424 4050 1813 4128 matutinali,
1859 4050 2074 4116 subito
2113 4050 2406 4127 exsilivit,
2435 4050 2675 4133 caligas
2703 4069 2851 4115 cum
2900 4071 3161 4117 summa

709 4151 1079 4219 festinentia
1096 4151 1145 4189 ²²
1194 4150 1534 4233 quaesivit.
1568 4148 1702 4216 Sed
1739 4150 2211 4234 praesentibus
2243 4168 2371 4232 quo
2419 4149 2630 4229 vellet,
2657 4150 3164 4233 requirentibus,
3205 4163 3275 4216 ³⁸

710 4252 856 4336 ipsa
876 4251 1017 4316 infit
1033 4251 1082 4289 ¹⁸
1109 4249 1382 4314 :Audito
1408 4269 1741 4334 campano,
1763 4250 2145 4313 matutinum
2166 4248 2346 4313 adire
2365 4248 2577 4331 habeo,
2605 4248 2712 4312 ubi
2727 4249 2883 4312 mihi
2910 4270 3166 4334 respon-

712 4353 954 4417 sorium
982 4349 1072 4414 ad
1118 4348 1508 4413 cantandum
1551 4355 1641 4413 est
1681 4347 2059 4426 breviatum,-
2113 4349 2291 4413 cuius
2316 4369 2473 4413 cura
2502 4351 2561 4412 si
2591 4348 2888 4412 exciderit
2904 4349 2974 4431 ¹⁴,
3003 4370 3170 4414 com-

713 4449 1017 4516 marcalis
1037 4445 1378 4514 austeritas
1395 4447 1555 4512 dure
1581 4468 1676 4512 me
1692 4446 2052 4533 flaqellabit.
2075 4447 2202 4513 Illis
2221 4467 2376 4513 vero
2397 4450 2822 4528 morantibuS‚
2844 4448 3010 4515 haec
3031 4450 3176 4516 adi-

723 4669 780 4681 —
795 4639 821 4674 ⁶
835 4640 962 4693 add.
978 4655 1096 4708 sup.
1109 4640 1208 4692 lin.
1227 4638 1295 4691 L.
1313 4665 1381 4676 —
1402 4638 1427 4672 ⁸
1443 4637 1660 4693 debitas
1682 4639 1750 4693 L.

781 4723 843 4777 8.
863 4749 933 4761 —
960 4721 982 4756 ¹
999 4725 1117 4776 tum
1139 4722 1206 4774 L.
1228 4748 1297 4759 -
1312 4719 1337 4753 ²
1352 4721 1559 4775 affuere
1585 4721 1663 4775 M.
1685 4749 1753 4761 —
1774 4721 1798 4755 ⁸
1821 4720 2083 4777 ecclesiae
2104 4721 2183 4774 Μ.
2205 4748 2269 4759 ——
2289 4723 2317 4755 ⁴
2332 4720 2644 4776 incedentes
2672 4724 2742 4777 H.
2762 4753 2829 4763 —
2862 4722 2886 4756 ⁶
2909 4724 3041 4786 (mo.
3069 4724 3176 4793 mi')

713 4803 1034 4860 mirabiliter
1054 4805 1205 4857 L.—
1225 4802 1250 4838 ⁸
1272 4818 1500 4857 cernens
1517 4804 1568 4856 L
1590 4812 1714 4858 ante
1735 4822 1877 4858 corr.
1897 4832 1960 4842 -
1986 4803 2008 4838 ⁷
2028 4802 2307 4857 invectum
2343 4804 2393 4857 L
2426 4813 2550 4858 ante
2578 4822 2721 4858 corr.
2759 4833 2826 4845 —
2852 4805 2879 4839 ⁸
2898 4805 3185 4863 circumsi-
3229 4847 3235 4850 -

714 4887 968 4943 dentibus
990 4886 1064 4941 H.
1085 4914 1153 4925 —
1169 4887 1193 4921 ⁹
1208 4885 1459 4954 pulsante
1477 4887 1548 4940 H.
1572 4915 1638 4925 —
1660 4886 1708 4921 ¹⁰
1729 4879 1998 4956 campana
2020 4887 2093 4941 H.
2111 4915 2175 4925 -
2211 4887 2257 4920 ¹¹
2281 4903 2380 4940 om.
2398 4887 2464 4941 L.
2489 4916 2552 4926 —
2578 4888 2624 4923 ¹²
2645 4886 2994 4945 festinatione
3021 4891 3094 4944 H.
3113 4919 3185 4933 —

716 4971 768 5007 ¹⁸
786 4969 964 5040 inquit
985 4971 1050 5038 L.
1071 4997 1140 5015 -·
1163 4969 1211 5027 ¹⁴!
1224 4968 1471 5024 insiderit
1487 4970 1563 5024 H.
