3487 5450
743 550 886 622 138
1297 569 1384 620 nn
1439 568 1679 619 quso
1732 566 2175 618 anonumum
2225 566 2638 617 Ansrnmco.

736 762 1072 842 patronus,
1096 757 1418 823 commisit
1442 756 1770 822 alendum.
1801 755 2125 838 Scriptum
2141 755 2167 793 ⁴
2190 758 2289 820 est
2313 755 2484 820 enim
2508 778 2523 820 :
2551 753 2787 819 Gratia
2815 755 2926 820 tibi
2943 756 3205 821 cadim

735 858 893 922 data
922 879 997 921 ne
1022 859 1089 921 in
1115 865 1171 921 te
1199 860 1448 938 otietur,
1493 860 1558 921 et
1587 856 1865 921 iterum:
1904 856 2062 919 Cum
2089 862 2305 920 sancto
2331 862 2587 919 sanctus
2612 856 2738 919 eris
2763 862 2818 919 et
2848 877 2988 920 cnm
3014 857 3154 920 viro
3174 857 3203 895 ⁸

737 960 1052 1022 innocente
1107 958 1396 1021 innocens
1451 957 1597 1020 eris.
1657 954 1856 1021 Cuius
1914 954 2304 1020 sanctissimi
2345 955 2550 1037 patris
2600 954 2818 1019 Albini
2866 954 3200 1039 quoddam

735 1058 983 1139 insigne
1027 1056 1408 1122 miraculum
1453 1056 1773 1120 memoria
1820 1074 1897 1119 ac
1939 1054 2148 1119 relatu
2189 1052 2636 1136 dignissimum
2671 1054 2796 1118 hoc
2829 1054 2969 1119 loco
3010 1074 3202 1138 prae·

735 1158 931 1222 terire
951 1156 1214 1221 silenter
1234 1176 1367 1220 non
1393 1162 1681 1239 possum,
1708 1154 1834 1218 Iste
1865 1154 2106 1218 etenim
2128 1158 2410 1232 sanctus,
2433 1158 2502 1217 ut
2527 1153 2826 1231 diximuS,
2871 1156 3203 1221 austrinae
3233 1171 3263 1217 a

739 1256 1147 1321 venerandus
1176 1260 1363 1339 pater
1388 1255 1741 1319 Hiberniae
1768 1254 2061 1332 Albinus,
2084 1253 2241 1318 dum
2263 1272 2383 1336 pro
2412 1252 2699 1318 remedio
2728 1254 2987 1319 animae
3013 1274 3203 1320 vene-

737 1355 986 1420 randa⁶
1015 1354 1237 1420 limina
1277 1359 1652 1420 sanctorum
1700 1351 2152 1436 apostolorum
2185 1351 2360 1417 Petri
2391 1355 2456 1417 et
2483 1352 2670 1417 Pauli
2709 1353 2963 1418 Romae
2991 1348 3211 1438 requiss

738 1460 929 1531 reret,
981 1453 1267 1537 dumque
1311 1453 1820 1519 confirmationis
1863 1472 1942 1517 ac
1997 1452 2496 1535 praedicationis
2553 1472 2771 1532 causa,
2802 1454 2964 1518 sicut
2993 1474 3204 1537 paene

738 1554 1030 1620 omnium
1073 1558 1446 1619 sanctorum
1475 1553 1885 1636 primitivae7
1911 1552 2218 1617 ecclesiae
2241 1552 2438 1616 moris
2463 1552 2693 1627 fuerat,
2713 1553 2966 1617 romani
2994 1554 3204 1636 ponti-

740 1653 878 1719 ficis
905 1654 1316 1736 praesentiae
1349 1673 1419 1717 se
1449 1657 1904 1735 praesentaret
1925 1652 1970 1728 ⁸,
2001 1656 2267 1734 peracto
2297 1651 2536 1717 ibidem
2572 1652 2850 1734 negoti0,
2880 1652 3207 1718 modicum
3240 1665 3299 1713 ιο

740 1754 873 1818 vini
893 1753 1043 1818 inde
1072 1773 1293 1818 secum
1324 1752 1642 1831 deferens,
1675 1752 1898 1816 divina
1917 1750 2039 1816 sibi
2062 1751 2321 1816 favente
2344 1751 2704 1829 clementia,
2727 1751 2918 1817 celeri
2938 1772 3205 1818 recursu

738 1852 1032 1918 litoribus
1075 1852 1428 1917 Hiberniae
1454 1851 1787 1935 applIcuit.
1832 1851 2114 1916 Proinde
2154 1850 2220 1914 in
2247 1850 2536 1915 finitimis
2563 1852 3029 1917 Lumbreciae⁹
3056 1853 3207 1918 civi·

740 1952 895 2017 tatis
943 1952 1097 2017 locis
1153 1971 1302 2016 cum
1345 1955 1610 2016 sanctus
1659 1952 1760 2015 vir
1803 1950 2078 2015 Albinus
2128 1950 2209 2013 de
2244 1949 2463 2014 reduci
2502 1951 2916 2032 egrederetur
2963 1953 3205 2034 carina,

744 2050 956 2117 locum
985 2053 1223 2115 austris
1253 2070 1331 2116 ac
1366 2051 1610 2116 solibus
1652 2050 1918 2115 aestivis
1947 2049 2253 2114 acclivem
2273 2050 2324 2087 ¹⁰
2353 2048 2611 2132 eligenS,
2640 2050 2939 2115 invocato
2980 2052 3206 2117 Salva·

742 2150 899 2215 toris
927 2150 1188 2216 nomine
1210 2151 1259 2189 ¹¹
1288 2154 1354 2215 et
1374 2150 1704 2232 signaculo
1729 2152 1996 2214 sanctae
2016 2147 2222 2213 crucis
2254 2148 2443 2227 factu,
2475 2148 2605 2214 vini
2629 2150 3006 2232 pauxillum,
3030 2151 3210 2234 quod
3246 2168 3306 2220 η

740 2269 960 2315 secum
992 2250 1074 2315 de
1103 2249 1553 2315 transmarinis
1573 2249 1622 2287 ¹²
1652 2249 2017 2314 adduxerat
2038 2248 2088 2286 ¹⁸
2115 2239 2499 2330 regionibus,
2542 2249 2948 2331 aspergendo
2989 2255 3205 2317 terrae

741 2349 984 2431 gremio
1028 2353 1366 2431 tamquam
1396 2348 1635 2413 Christi
1677 2348 1826 2413 vitis
1854 2346 2134 2430 agricola
2163 2366 2352 2411 verus
2379 2348 2768 2431 propinavit.
2797 2347 2940 2427 Quo
2969 2349 3036 2413 in
3063 2350 3205 2416 loco

745 2448 895 2527 vitis
918 2447 1218 2530 florigera
1245 2448 1523 2513 mirabili
1554 2452 1618 2512 et
1647 2447 1955 2512 ineffabili
1984 2447 2049 2510 in
2078 2447 2318 2519 sanctis
2345 2446 2480 2511 suis
2498 2447 2545 2486 ¹⁴
2573 2446 3055 2529 omnipotentis
3081 2449 3209 2515 cle-

746 2548 992 2612 mentia
1021 2567 1400 2612 excrescens
1429 2547 1720 2612 eiusdem
1751 2547 1905 2611 anni
1934 2547 2227 2612 revoluto
2255 2546 2489 2612 circulo
2515 2566 2681 2611 uvas
2708 2547 2901 2612 variis
2940 2546 3210 2631 languo-

744 2646 925 2711 ribus
970 2645 1451 2722 saluberrimaS,
1482 2645 2040 2712 evidentissimum
2070 2650 2134 2711 et
2165 2645 2605 2730 irrefragabile
2643 2646 3036 2713 christianae
3063 2647 3217 2715 fidei
3248 2662 3313 2713 πο

748 2751 1207 2829 argumentum
1251 2748 1390 2811 sine
1432 2751 1616 2823 cura,
1639 2747 1778 2810 sine
1823 2746 2234 2830 agricultura,
2262 2766 2470 2829 usque
2498 2747 2566 2811 in
2604 2746 2997 2813 hodiernum
3035 2748 3212 2814 diem
3306 2829 3313 2834 θ

631 2923 634 2926 Α
740 2845 1037 2928 producit
1055 2847 1122 2910 ¹⁶.

832 2952 900 3009 2.
950 2945 1246 3028 Cumque
1290 2944 1480 3027 igitur
1509 2945 1751 3010 ibidem
1782 2963 1947 3027 puer
1988 2945 2073 3010 ab
2117 2944 2387 3009 infantia
2415 2945 2860 3011 sanctissimus
2887 2951 3111 3013 aetate
3137 2967 3220 3013 ac

751 3044 1083 3127 sapientia
1107 3064 1184 3109 ac
1202 3045 1457 3109 interna
1485 3063 1740 3108 morum
1774 3042 2223 3124 aedificatione
2250 3063 2436 3108 secus
2464 3043 2667 3126 pedes
2694 3046 2966 3110 senioris
2992 3047 3217 3113 Albini

747 3141 1104 3207 incredibili
1132 3146 1498 3207 memoratu
1546 3141 1912 3224 proficeret,
1933 3141 2136 3206 inter¹
2172 3141 2499 3223 agendum
2540 3142 2806 3225 contigit
2848 3144 3024 3227 quod
3052 3145 3219 3211 caeli
3248 3159 3317 3209 ω

748 3241 1057 3316 volatilia,
1108 3242 1252 3324 quis
1294 3241 1637 3306 clementia
1686 3240 2014 3305 Creatoris
2060 3241 2233 3305 vesci
2278 3240 2567 3323 frugibus
2608 3243 2924 3325 permisit,
2965 3263 3217 3327 paucas

748 3345 1023 3422 segeteS,
1054 3360 1218 3423 quas
1239 3344 1430 3423 pater
1458 3339 1732 3404 Albinus
1762 3339 1830 3403 in
1873 3335 2093 3404 erem'o
2121 3339 2208 3403 ad
2243 3358 2400 3434 usus
2430 3360 2766 3406 servorum
2796 3341 2914 3407 Dei
2931 3345 3218 3428 propriis

755 3439 1088 3504 laboribus
1110 3440 1498 3517 excoluerat,
1525 3444 1986 3522 praematuras
2015 3443 2169 3503 ante
2198 3443 2498 3522 tempora
2527 3441 2757 3505 messis
2786 3441 2981 3524 spicis
3007 3463 3221 3526 grana

756 3538 1070 3604 eliciendo
1112 3558 1189 3603 ac
1217 3539 1432 3622 spicas
1461 3538 1544 3603 de
1572 3538 1799 3603 culmis
1829 3538 2145 3621 rapiendo
2187 3539 2591 3620 depraedare
2634 3545 3007 3624 coeperunt.
3037 3542 3222 3622 Qua-

747 3642 1022 3722 propter
1042 3638 1140 3703 vir
1169 3638 1324 3702 Dei²
1345 3638 1619 3703 Albinus
1641 3638 1953 3703 nobilium
1973 3637 2214 3720 pueriS,
2236 3658 2399 3721 quos
2428 3640 2784 3705 eorundem
2813 3647 3123 3723 parentes
3144 3644 3220 3710 in
3252 3678 3319 3730 30

749 3738 989 3805 eodem
1015 3738 1328 3802 coenobio
1357 3738 1538 3820 regni
1566 3736 1867 3802 caelestis
1912 3738 2148 3802 ardore
2178 3738 2455 3821 perculsi
2484 3737 2601 3803 Dei
2629 3740 2986 3806 ministerio
3012 3742 3224 3808 dasti-

747 3842 1085 3911 naverant,
1115 3837 1466 3920 praecepit,
1490 3842 1814 3919 quatenus
1843 3856 2196 3919 puerorum
2219 3837 2485 3920 quilibet
2508 3838 2614 3902 die
2634 3841 3027 3907 terminato³
3052 3860 3220 3909 avoe

749 3938 1021 4020 rapinae
1050 3937 1387 4001 studentes
1429 3956 1470 4001 a
1512 3935 1839 4018 segetibus
1883 3941 2199 4002 arcerent.
2244 3936 2541 4021 Cumque
2583 3939 2940 4004 secundum
2982 3960 3223 4009 nume-

751 4056 907 4101 rum
937 4040 1003 4101 et
1030 4035 1323 4101 ordinem
1363 4035 1617 4101 dierum
1659 4036 1830 4100 ruris
1876 4035 2168 4100 eiusdem
2210 4040 2437 4102 sancto
2480 4037 2873 4103 Mochulleo⁴
2913 4041 3223 4109 custodia

747 4137 1197 4221 deputaretur,
1251 4154 1384 4200 non
1420 4125 1783 4200 ‘territoriis
1841 4135 2253 4217 imaginibuS,
2311 4156 2473 4219 quos
2531 4137 2800 4220 quidam
2867 4139 3223 4222 vasatonae

749 4240 1006 4314 vocant,
1028 4255 1160 4300 non
1189 4234 1361 4300 iactu
1389 4235 1700 4318 lapidum,
1729 4254 1864 4299 non
1892 4253 2059 4300 sono
2100 4235 2319 4299 vocis⁵
2348 4236 2434 4300 ab
2478 4256 2594 4301 esu
2624 4236 2879 4320 frugum
2917 4238 3224 4309 volucres

749 4340 1103 4412 terruerat;
1132 4339 1421 4401 ceterum
1447 4335 1589 4417 ipse
1616 4353 1781 4416 puer
1832 4333 2076 4416 Spiritu
2104 4339 2329 4399 sancto
2358 4333 2588 4417 plenus
2614 4336 2983 4404 volatilibus
3010 4340 3224 4406 caeli⁸

746 4547 815 4558 —
836 4519 863 4553 ⁴
895 4518 972 4581 (S.
1014 4522 1096 4572 est
1134 4519 1203 4583 e.)
1229 4517 1372 4572 Dicit
1399 4517 1546 4572 enim
1587 4517 1855 4585 scriptura
1879 4519 2025 4571 Am.
2044 4545 2113 4556 —
2151 4517 2177 4551 ⁸
2214 4535 2315 4572 om.
2342 4518 2415 4570 M.
2438 4546 2504 4557 —
2543 4519 2568 4553 ⁴
2593 4519 2999 4587 (venen-Pauli)
3019 4523 3056 4578 1.
3091 4541 3143 4580 s.
3166 4542 3228 4583 v.

719 4598 724 4604 “
750 4601 810 4655 Ρ.
830 4605 885 4655 et
906 4600 965 4654 P.
988 4616 1038 4654 a.
1055 4601 1206 4655 AM.
1227 4631 1292 4641 -
1316 4601 1338 4634 '⁸
1359 4599 1695 4669 temporibus
1718 4602 1846 4654 add.
1869 4600 2018 4654 AM.
2039 4627 2106 4639 —
2129 4600 2153 4634 ⁸
2173 4607 2488 4668 presentare
2513 4606 2583 4657 Α.
2598 4634 2665 4643 -
2688 4604 2714 4638 ⁹
2731 4603 3023 4660 Lumbrioe
3041 4607 3127 4662 M.
3148 4638 3228 4652 —

751 4684 799 4719 ¹⁰
825 4683 1000 4738 active
1023 4686 1090 4737 A.
1128 4711 1192 4722 —
1226 4683 1270 4718 ²¹
1305 4683 1502 4736 eodem
1525 4684 1651 4738 add.
1686 4684 1767 4737 M,
1787 4715 1856 4725 —
1892 4683 1938 4717 ¹²
1961 4683 2411 4738 transmaritimis
2438 4690 2503 4739 A.
2524 4705 2548 4751 ,·
2587 4687 2997 4742 transmuimis
3033 4691 3117 4746 Π.
3150 4723 3226 4734 -

753 4766 800 4802 ¹⁸
822 4765 1121 4830 advexerat
1141 4768 1208 4819 H.
1231 4792 1296 4804 —
1319 4767 1364 4800 ¹⁴
1379 4770 1475 4820 (sa.
1499 4766 1606 4833 su.)
1627 4783 1711 4820 su.
1734 4783 1814 4821 sa.
1836 4766 2069 4822 ΔΑΕ-
2087 4766 2134 4801 ¹⁸
2156 4784 2260 4820 om.
2282 4770 2353 4823 Δ.
3252 4799 3255 4800 ⁷

818 4850 886 4903 2.
945 4878 988 4887 ·-
1007 4850 1028 4883 ¹
1051 4848 1156 4903 iter
1174 4851 1324 4903 A.—
1343 4848 1369 4883 ²
1389 4866 1492 4903 om.
1515 4850 1582 4904 L.
1597 4877 1663 4888 —
1680 4850 1704 4884 ³
1722 4849 2088 4904 determinato
2110 4850 2258 4904 AM.
2274 4882 2339 4892 —
2356 4853 2379 4885 ⁴
2397 4850 2703 4906 Machulleo
2722 4855 2797 4907 M.
2812 4881 2881 4893 —
2898 4854 2921 4889 ⁸
2934 4870 3070 4911 ava
3087 4861 3230 4918 aad.

752 4934 821 4987 A.
845 4959 912 4971 —
946 4932 971 4967 ⁶
995 4931 1068 4998 (v.
1091 4931 1160 4998 c.)
1183 4948 1233 4985 c.
1253 4947 1304 4987 v.
1329 4931 1477 4986 Ades.
2682 4941 2683 4944 ’
