3487 5450
365 876 560 933 *tea

356 3379 389 3413 “
412 3378 578 3435 tw.

712 545 858 621 330
1385 542 1966 616 moxoonffmca
2016 532 2518 615 emnem-Am

711 758 1195 824 inadvertenter
1215 755 1430 840 gladio
1458 754 1719 821 oculum
1748 753 1898 819 fatri
1925 753 2309 819 mirabiliter
2336 754 2520 819 eruit.
2554 753 2636 820 Et
2663 774 2813 821 ecce
2843 756 3056 823 sactus
3086 765 3193 825 est

711 858 1010 941 planctus
1039 876 1325 923 amarus.
1354 855 1564 921 Mater
1592 874 1741 919 cum
1762 853 1895 920 filia
1918 854 2004 919 ad
2024 873 2287 919 servum
2310 854 2429 919 Dei
2450 854 2611 920 ssetu
2634 856 2670 895 *
2700 876 2941 939 magno
2964 859 3196 925 afflicti

711 957 1083 1024 deveniunt.
1111 957 1191 1022 Et
1219 976 1370 1022 cum
1392 974 1615 1021 casum
1645 957 2044 1037 promerent,
2073 953 2168 1019 ait
2194 953 2282 1018 ad
2310 953 2452 1019 illas
2473 954 2570 1019 vir
2591 954 2745 1021 Dei:
2776 956 2948 1036 Quia
2965 957 3199 1042 plora-

710 1058 794 1121 tis
819 1057 853 1121 ,9
873 1057 1049 1123 Deus
1076 1056 1351 1121 vnennbra
1391 1058 1647 1139 corpori
1685 1042 2019 1130 adunam,
2045 1056 2290 1140 istaque
2328 1055 2500 1119 solus
2529 1058 2819 1121 restituit.
2850 1058 2931 1122 Et
2971 1063 3198 1125 mater

710 1158 1102 1225 clamoribus
1144 1158 1450 1222 astabat:
1492 1154 1639 1239 Eya
1679 1174 1845 1238 erqo,
1885 1153 2126 1218 adiuva
2170 1175 2268 1217 me
2302 1154 2432 1219 tuis
2471 1158 2710 1219 sancte‘s
2760 1158 3022 1223 meritis.
3068 1158 3196 1224 Cui
3231 1176 3267 1226 ⁵

709 1256 1235 1342 respondit:qu
1254 1262 1539 1341 peccator
1557 1275 1721 1336 sum,
1742 1254 1905 1318 sicut
1925 1260 1981 1318 et
2000 1256 2202 1341 ceteri.
2217 1253 2298 1318 Et
2321 1273 2469 1319 cum
2490 1254 2600 1320 illa
2621 1256 2943 1322 instanter
2963 1263 3199 1340 postu-

710 1358 894 1436 laret,
924 1358 1021 1422 vir
1054 1357 1168 1423 Dei
1211 1356 1297 1422 ad
1326 1355 1611 1421 ortulum
1651 1353 2010 1438 quemdam
2035 1353 2211 1419 intra
2237 1359 2631 1420 conventum
2667 1356 2838 1421 clam
2865 1358 3059 1423 latuit
3102 1358 3193 1424 ab

710 1458 818 1524 illa
845 1458 1218 1541 ibidemque
1239 1455 1590 1540 peroravit,
1614 1454 1838 1519 dicens
1862 1452 2174 1519 :Domine
2205 1452 2392 1534 Deus,
2412 1455 2523 1538 qui
2548 1475 2663 1519 nos
2684 1455 2772 1519 ad
2801 1462 2857 1520 te
2886 1460 3116 1523 creasti
3137 1464 3200 1523 et
3304 1487 3311 1493 ·

711 1557 801 1635 od
823 1558 1099 1644 gloriam
1141 1556 1513 1640 disposuisti
1552 1562 1756 1619 eterne
1780 1555 1902 1618 vite
1929 1562 2003 1637 et,
2039 1574 2182 1617 cum
2213 1553 2491 1634 nefando
2518 1555 2737 1619 scelere
2778 1556 2924 1621 bene
2964 1560 3193 1623 merito
3323 1576 3328 1581 ·

711 1658 903 1722 morti
924 1657 1244 1740 fuerimus
1270 1655 1570 1740 deputati,
1599 1655 1698 1718 tui
1719 1653 1846 1737 filii
1872 1660 2123 1718 tantum
2137 1654 2405 1737 proprio
2429 1675 2648 1719 cruore
2676 1655 2984 1740 redempti
3009 1657 3101 1722 ad
3135 1665 3196 1723 te
3232 1672 3304 1724 ⁴0

713 1766 824 1822 tua
862 1756 1296 1822 misericordia
1326 1755 1651 1835 adunasti,
1679 1774 1795 1838 per
1821 1774 2034 1818 veram
2059 1752 2252 1836 fidem
2277 1752 2405 1836 filii
2430 1756 2528 1817 tui
2553 1775 2781 1839 corpus
2809 1763 2864 1820 et
2892 1759 3189 1823 animam

592 1883 598 1888 ⁴
712 1864 781 1922 tu
803 1857 1127 1940 formasti,
1155 1854 1421 1920 artubus
1441 1853 1782 1918 adornasti
1789 1876 1815 1931 ,·
1841 1853 1950 1918 sed
1975 1852 2284 1934 diabolus,
2310 1855 2447 1919 suis
2473 1852 2793 1920 deincritis
2814 1857 2981 1920 oculi
2999 1878 3193 1923 sensu

712 1957 1108 2041 deformavit.
1133 1954 1393 2021 Placeat
1415 1955 1613 2039 iqitur
1633 1953 1799 2018 illud
1818 1952 2191 2035 reformare,
2210 1960 2516 2038 quatenus
2536 1956 2672 2017 suis
2693 1956 2985 2020 membris
3007 1964 3200 2042 queat

692 2057 1020 2150 'roborati
1050 2062 1120 2120 ut
1148 2062 1260 2118 tua
1280 2062 1559 2139 potestas
1586 2052 1999 2133 collaudetur,
2026 2052 2267 2117 diaboli
2285 2073 2429 2117 vero
2451 2053 2699 2117 mantia
2730 2055 3200 2137 confundatur.

710 2156 794 2221 Et
820 2176 970 2222 cum
998 2155 1168 2220 hanc
1208 2154 1583 2238 suppliciter
1615 2153 1785 2218 trina
1827 2172 1986 2218 voce
2014 2157 2407 2236 perorasset,
2436 2154 2524 2219 ab
2549 2155 2843 2220 oratione
2874 2158 3082 2238 surgit
3127 2162 3198 2224 et
3232 2170 3302 2221 ει

712 2256 799 2321 ad
825 2255 1164 2328 mulierem
1199 2274 1500 2320 reversus
1542 2253 1739 2318 dicit:
1776 2253 1831 2317 0
1859 2252 2086 2317 mulier
2117 2252 2495 2335 christicola,
2536 2253 2776 2336 confide
2815 2257 2881 2318 in
2939 2248 3196 2323 christo

713 2353 900 2420 lite-su
927 2361 982 2419 et
1009 2355 1167 2420 vade
1208 2355 1295 2418 ad
1324 2353 1580 2418 domum
1610 2361 1810 2418 tuam.
1845 2352 1967 2418 Die
1995 2359 2203 2417 autem
2246 2354 2530 2417 crastina
2566 2355 2766 2419 venies
2794 2355 2885 2419 ad
2913 2377 3010 2420 me
3036 2357 3199 2422 leta-

712 2455 948 2520 bunda.
981 2454 1167 2533 Quae
1207 2453 1657 2520 benedictione
1693 2456 1966 2535 accepta
1992 2452 2202 2518 sancti
2243 2452 2383 2531 viri,
2422 2453 2710 2519 maxima
2751 2474 2902 2520 cum
2945 2455 3191 2524 fiducia

710 2555 978 2621 domum
1008 2555 1345 2638 propriam
1385 2553 1595 2619 rediit.
1638 2552 1814 2618 Puer
1859 2556 2103 2632 autem,
2140 2572 2291 2618 cum
2318 2571 2362 2618 a
2402 2572 2610 2636 sopno
2640 2554 2962 2620 excitatus
2991 2560 3193 2641 esset,

711 2655 906 2720 matri
941 2655 1141 2720 dixit:
1205 2652 1360 2719 Vere
1406 2654 1590 2717 homo
1630 2652 1898 2740 quidam
1946 2653 2286 2717 extinctum
2325 2652 2574 2717 omelum
2618 2657 2940 2738 perunxit.
2992 2655 3183 2737 Quae
3222 2674 3290 2728 ιο

710 2759 923 2822 mater
972 2758 1064 2821 ait
1094 2778 1110 2820 :
1172 2754 1371 2819 Cuius
1403 2754 1589 2819 ‚modi
1614 2753 1870 2818 habitus
1895 2761 2035 2818 erat
2063 2753 2168 2819 ille
2196 2753 2231 2816 ‚2
2265 2753 2390 2832 Qui
2417 2754 2798 2837 respondit:
2843 2755 3005 2820 Cum
3035 2767 3192 2824 esset

710 2876 910 2936 senex,
951 2855 1216 2919 indutus
1243 2863 1380 2919 erat
1405 2856 1631 2940 niyris,
1659 2854 1926 2938 desuper
1958 2874 2094 2918 oero
2138 2853 2300 2918 albis
2326 2853 2589 2928 vestibus
2616 2853 2953 2938 tepebatur.
2981 2857 3067 2923 Et
3093 2860 3194 2926 sic

711 2956 1008 3039 cognovit
1026 2954 1277 3024 mulier.
1303 2956 1479 3039 quod
1506 2955 1703 3020 homo
1732 2953 1854 3020 Dei
1882 2954 2095 3020 fuerat
2123 2954 2191 3019 in
2213 2954 2462 3037 spiritu.
2486 2953 2733 3020 Sanato
2754 2955 2980 3040 itaque
2996 2959 3189 3041 pueri

712 3057 919 3135 oculo,
947 3056 1252 3140 apparuit
1274 3055 1631 3120 luculenter
1649 3054 1811 3119 visio
1834 3054 2123 3119 celebris.
2146 3052 2273 3133 Qui
2293 3053 2591 3119 habitum
2616 3059 2835 3120 nostre
2857 3055 3187 3139 religionis

719 3156 955 3241 Virgini
1005 3156 1206 3221 Marte
1249 3155 1625 3221 dedicatum
1652 3173 2085 3232 assummenS,
2121 3153 2188 3218 in
2230 3152 2507 3220 Domino
2551 3155 2757 3220 vitam
2784 3155 2994 3221 finivit
3038 3177 3198 3241 pro-
3227 3172 3296 3225 25

715 3257 903 3323 sexus
929 3257 1041 3340 (1).
1225 3317 1229 3321 .
2032 3309 2045 3319 .

800 3356 1168 3422 25..Multa
1216 3355 1344 3422 alia
1384 3355 1698 3421 miracula
1742 3355 1893 3421 fecit
1933 3354 2003 3420 in
2041 3355 2179 3420 vita
2220 3374 2360 3431 sua,
2390 3374 2561 3438 quae
2588 3374 2897 3422 enarrare
2925 3358 2964 3398 ²⁸¹
2993 3357 3191 3424 nimis

718 3462 891 3523 esset
931 3456 1276 3540 prolixum.
1314 3455 1447 3522 Sed
1483 3456 1656 3522 istud
1699 3456 1919 3532 breve,
1950 3455 2128 3538 quod
2174 3455 2487 3539 sequitur,
2516 3456 2721 3521 menti
2763 3456 3068 3522 tradatur
3115 3457 3188 3523 in

719 3556 1162 3623 testimonium
1205 3576 1321 3621 sue
1357 3556 1641 3622 maxime
1669 3555 2056 3621 sanctitatis.
2082 3554 2390 3621 Relatum
2418 3555 2538 3621 suit
2566 3573 2608 3620 a
2635 3556 2768 3621 suis
2796 3557 3012 3622 coevis
3056 3556 3192 3624 fra-

719 3658 948 3736 tribus,
990 3657 1168 3740 quod
1203 3660 1426 3740 preter
1468 3656 1775 3736 officium,
1805 3656 1983 3740 quod
2024 3656 2294 3740 quilibet
2329 3655 2635 3721 sacerdos
2663 3656 2878 3722 dicere
2906 3660 3190 3739 tenetur,
3234 3671 3298 3724 ³⁰

719 3757 930 3823 dictus
957 3761 1147 3841 pater
1174 3757 1349 3821 omni
1374 3761 1565 3821 nocte
1586 3760 1800 3821 totum
1827 3757 2211 3840 psalterium
2238 3755 2495 3839 legebat
2515 3760 2669 3821 ante
2698 3756 2986 3822 crucifixi
3012 3777 3204 3841 yma-

719 3857 936 3941 ginem
962 3856 1154 3922 nudis
1183 3875 1261 3922 ac
1290 3857 1474 3921 flexis
1502 3856 1777 3939 genibus
1819 3876 1968 3922 cum
1990 3859 2178 3921 tanta
2205 3855 2569 3922 devotione.
2599 3855 2777 3939 quod
2803 3876 2846 3920 a
2872 3860 3052 3922 terra
3071 3878 3198 3941 per

721 3958 1007 4043 spatium
1035 3958 1233 4023 trium
1271 3957 1636 4022 cubitorum
1678 3956 2038 4022 levabatur.
2090 3956 2171 4022 Et
2204 3960 2455 4040 postea,
2504 3956 2800 4020 oratione
2847 3955 3053 4036 finita,
3105 3957 3198 4023 ad

721 4062 964 4124 terram
989 4057 1276 4123 suaviter
1298 4057 1759 4122 dimictebatur
1780 4058 1891 4141 (2).

806 4164 927 4223 26.
979 4156 1228 4222 Eodem
1279 4176 1451 4222 anno
1502 4176 1619 4223 sue
1670 4155 2256 4242 transmigrationis
2305 4175 2457 4222 cum
2501 4155 2747 4221 bellum
2795 4160 2970 4221 esset
3020 4155 3195 4223 inter
3236 4172 3304 4225 3ο

723 4258 1021 4323 dominos
1068 4256 1250 4340 regni
1299 4256 1532 4334 Sicilie,
1581 4277 1822 4341 corpus
1868 4257 1935 4322 in
1982 4256 2278 4340 sepulcro
2334 4258 2709 4322 reverenter
2760 4255 3022 4334 iaceret,
3073 4258 3197 4324 sed

723 4357 972 4423 nobiles
1002 4362 1067 4423 et
1094 4357 1499 4440 stipendiarii
1526 4358 1866 4423 ecclesiam
1894 4357 2343 4441 ingrediuntur
2370 4360 2436 4421 et
2457 4356 2670 4440 ipsam
2696 4356 3030 4423 stabulum
3060 4359 3206 4425 effi-
3233 4355 3242 4362 ’

725 4477 872 4524 cere
898 4457 1143 4525 volunt.
1186 4457 1319 4523 Sed
1346 4456 1523 4522 Deus
1553 4460 1809 4524 tantam
1851 4457 2273 4542 ignominiam
2315 4475 2431 4522 sue
2474 4457 2708 4522 domus
2751 4476 2829 4522 ac
2856 4477 3048 4524 servo
3077 4480 3203 4527 suo

791 4711 864 4776 (1)
887 4708 1037 4764 Loco
1059 4710 1222 4765 huius
1250 4711 1500 4766 miraculi
1521 4712 1632 4766 duo
1655 4712 1764 4766 alia
1787 4717 1975 4766 narrat
1998 4718 2030 4767 5
2047 4711 2223 4781 (capp.
2253 4711 2448 4779 14,15),
2482 4727 2719 4780 quorum
2738 4710 3009 4781 posterius
3027 4713 3206 4769 refert

723 4808 943 4862 quoque
965 4797 1001 4848 4
1021 4793 1097 4860 (n.
1118 4794 1301 4859 2197„
1325 4798 1475 4863 (qui·
1485 4796 1797 4864 prusenus)
1820 4812 1932 4850 om.
1948 4801 1998 4860 ,3,
2025 4801 2087 4861 4,-
2107 4796 2205 4850 sed
2229 4811 2298 4850 ex
2333 4795 2441 4849 hoc
2465 4794 2609 4849 facto
2642 4800 2896 4862 repetunt
2928 4795 3206 4864 originem

724 4875 937 4930 virtutis
969 4877 1262 4932 attributae
1294 4879 1418 4932 oleo
1454 4879 1539 4932 vel
1565 4895 1758 4948 aquae,
1779 4879 1838 4934 in
1871 4880 2073 4949 quibus
2096 4879 2489 4948 demerguntur
2506 4878 2769 4947 reliquiae
2801 4878 2858 4934 S.
2881 4879 3114 4934 Alberti.
3137 4909 3211 4921 —

726 4959 798 5030 (Ξ)
832 4958 1024 5013 Solum
1049 4959 1214 5015 refert
1238 4967 1306 5028 1,·
1335 4962 1558 5030 insuper
1579 4966 1614 5015 2
1636 4978 1747 5017 om.
1775 4979 1866 5017 nn.
1892 4963 1960 5018 26
1981 4968 2038 5018 et
2056 4962 2142 5017 27.
