3487 5450
709 567 847 641 182
1264 590 1350 641 υε
1401 588 1645 642 iusso
1693 587 2140 641 mammo
2188 586 2605 640 Ansrmsco.

701 779 1112 863 conspicatur
1131 778 1298 845 duos
1319 779 1538 845 eximii
1557 777 1810 846 decoris
1828 782 1857 818 ⁴
1883 779 2079 859 viros,
2109 778 2298 865 quasi
2328 778 2453 844 sub
2472 778 2642 844 ostio
2667 778 3168 863 praestolantes,

698 880 774 942 ut
799 876 889 943 illi
914 877 1129 945 visum
1170 878 1310 959 fuit,
1358 878 1568 945 donec
1592 878 1661 944 in
1682 878 1712 919 ⁸
1753 878 2084 946 cantando
2123 883 2277 964 post
2317 877 2517 944 finem
2556 878 2732 944 tertii
2770 877 3168 963 responsorii

708 976 1004 1042 Gloriam
1025 976 1150 1061 ipsi
1174 978 1516 1044 introirent
1542 997 1663 1062 per
1689 978 1987 1045 debitam
2014 978 2472 1045 assurectionis
2497 978 2953 1045 reverentiam.
2975 977 3170 1056 Quod

698 1075 856 1143 dum
896 1096 1083 1144 more
1110 1077 1299 1144 solito
1339 1078 1794 1162 compleretur,
1837 1079 2021 1157 haec,
2071 1098 2271 1162 quam
2298 1077 2579 1161 praefati
2604 1095 2855 1157 sumus,
2895 1097 3168 1160 surgens

698 1194 848 1242 cum
894 1176 1159 1261 reliquis
1206 1178 1295 1243 ob
1341 1177 1660 1244 honorem
1709 1181 1978 1244 sanctae
2015 1176 2371 1255 TrinitatiS,
2421 1195 2578 1242 mox
2619 1176 2834 1261 capite
2871 1178 3168 1256 connixo,
3201 1192 3238 1241 ο

697 1275 860 1342 collo
888 1276 1144 1354 divexo,
1173 1280 1314 1343 toto
1341 1278 1533 1344 simul
1562 1297 1835 1362 corpore
1864 1276 2043 1343 velut
2069 1296 2202 1342 uno
2237 1276 2624 1360 conglobata
2645 1276 2674 1314 ⁶
2700 1276 2985 1360 glomere
3012 1297 3170 1343 con-

698 1373 854 1440 cidit
874 1374 900 1411 ⁷
939 1393 1019 1440 ac
1046 1374 1419 1440 videntibus
1453 1375 1937 1459 permaximum
1964 1379 2283 1441 terrorem
2310 1374 2597 1441 incussit.
2619 1373 2812 1454 Quod
2840 1376 3172 1459 quaedam

700 1493 737 1539 e
754 1472 783 1512 ⁸
808 1472 1068 1539 diverso
1109 1472 1530 1557 conspiciens,
1560 1462 1738 1539 ocius
1782 1493 2149 1554 accurrens,
2179 1473 2427 1540 viribus
2457 1474 2694 1558 quibus
2722 1474 2936 1557 potuit
2976 1474 3174 1539 mise·

695 1570 978 1637 randum
1031 1592 1267 1656 corpus
1324 1572 1638 1638 relevavit
1694 1577 1762 1638 et
1821 1572 2126 1639 subsellio
2182 1573 2476 1639 residens
2547 1572 2828 1657 propriis
2897 1574 3172 1657 genibus

700 1670 1011 1749 admovit,
1054 1670 1213 1736 dum
1248 1670 1489 1736 mirum
1537 1671 1605 1736 in
1646 1670 1919 1736 modum
1960 1690 2080 1754 per
2122 1670 2400 1736 duarum
2438 1668 2574 1736 fere
2616 1670 2833 1754 spatia
2856 1670 3172 1736 horarum
3206 1686 3273 1736 ιο

700 1769 840 1835 sine
887 1773 1073 1835 motu
1121 1770 1364 1835 mansit
1413 1769 1723 1854 corporiS,
1775 1770 1867 1835 ita
1908 1774 1983 1835 ut
2032 1769 2189 1835 nulli
2246 1769 2518 1835 dubium
2568 1769 2757 1850 foret,
2787 1770 2944 1853 quin
2995 1773 3171 1835 esset

701 1867 917 1933 soluta
942 1887 1113 1934 nexu
1145 1868 1380 1935 carnis.
1422 1867 1672 1933 Deinde
1702 1888 1900 1934 sensu
1928 1867 2238 1952 pervigili,
2260 1887 2418 1933 voce
2447 1867 2722 1952 lugubri,
2744 1868 2901 1958 talia
2946 1888 3173 1952 prose·

699 1970 851 2033 cuta
879 1967 1101 2033 aiebat
1129 1991 1147 2034 ε
1181 1967 1351 2049 Non,
1378 1975 1448 2032 ut
1466 1969 1734 2052 putatis,
1765 1988 1861 2032 me
1896 1970 2244 2032 exanimem
2274 1966 2535 2050 videtis;
2553 1967 2663 2032 secl
2687 1967 2910 2032 horum
2940 1967 3175 2033 leon-or

698 2067 976 2151 irrepsit,
996 2088 1152 2153 quos
1172 2088 1386 2132 coram
1418 2073 1696 2132 astantes
1721 2065 1883 2132 mihi
1908 2067 2106 2131 audio
2128 2068 2513 2132 minitantes.
2538 2069 2780 2134 Verum
2809 2071 2960 2151 post
2988 2072 3174 2152 terga

698 2166 1011 2232 residenti
1032 2167 1144 2251 qui
1162 2171 1380 2234 essent
1400 2166 1503 2232 vel
1524 2186 1640 2232 cur
1659 2170 1775 2233 aut
1796 2168 1825 2206 ⁹
1849 2165 2025 2232 unde
2046 2167 2393 2245 venissent,
2416 2167 2729 2233 curiosius
2754 2167 3174 2250 investiganti
3208 2182 3278 2232 ιι

698 2266 1039 2349 respondit
1067 2288 1085 2332 ε
1142 2265 1197 2332 U
1197 2274 1221 2331 t
1256 2266 1414 2330 mihi
1454 2267 1709 2353 contiqit
1725 2267 1778 2306 ¹⁰
1818 2268 2047 2331 rescire
2073 2267 2141 2349 ¹¹,
2173 2266 2338 2331 robis
2373 2266 2564 2332 liabeo
2593 2267 2814 2332 dicere.
2844 2266 3177 2352 Diqnitate

691 2366 899 2452 prior,
954 2371 1206 2430 statura
1248 2367 1595 2452 procerior,
1643 2370 1922 2431 caesarie
1971 2367 2177 2448 nicea,
2214 2365 2529 2431 Iohannes
2570 2373 2658 2431 est
2709 2366 3006 2451 Baptista
3020 2390 3054 2449 ,·
3078 2387 3177 2432 me

703 2485 879 2530 ream
898 2485 1023 2550 pro
1044 2466 1377 2530 temerario
1400 2486 1567 2531 ausu
1592 2466 1940 2550 compellat,
1963 2467 2200 2530 minaci
2228 2466 2400 2529 vultu
2430 2465 2763 2531 tridentem
2781 2466 3176 2549 fuscinulam

696 2571 952 2649 qestans
980 2584 1177 2630 manu
1201 2565 1274 2646 ¹¹,
1303 2586 1432 2656 qua
1454 2585 1549 2630 me
1569 2573 1927 2631 exenterare
1953 2586 2031 2629 ac
2059 2567 2295 2629 viscera
2322 2572 2501 2629 tenus
2542 2566 2672 2630 vult
2707 2586 3019 2631 enervare.
3049 2565 3178 2631 Sed

704 2666 870 2730 enim
898 2664 1068 2729 alius
1094 2670 1344 2750 aspectu
1384 2663 1668 2748 decorus,
1704 2666 1908 2751 capite
1933 2663 2161 2748 flavus,
2201 2663 2558 2730 Pantaleon
2593 2671 2849 2752 martyr
2884 2667 3177 2748 eximius,
3212 2685 3288 2740 ιο

704 2763 818 2848 qui
848 2762 1103 2827 sedulus
1120 2764 1355 2847 pietate
1372 2770 1649 2848 paterna
1682 2784 1809 2848 pro
1854 2785 1988 2828 mea
2031 2763 2380 2848 interpellat
2409 2764 2609 2828 tenta.
2646 2764 2854 2844 Quam
2890 2764 3026 2828 licet
3050 2784 3179 2828 non

676 2893 677 2896 ¹
706 2860 972 2926 obtineat
983 2881 1111 2946 pro
1132 2869 1288 2944 roto,
1316 2882 1426 2926 nec
1447 2862 1500 2902 ¹⁸
1527 2868 1738 2926 tamen
1766 2862 1866 2926 illi
1886 2862 2228 2945 cleneqatur
2254 2883 2330 2928 ex
2357 2869 2500 2927 toto.
2533 2861 2658 2927 Sed
2679 2883 2797 2947 per
2821 2864 2955 2927 eius
2978 2866 3179 2928 inter·

703 2968 951 3026 ventum
994 2962 1127 3026 iam
1177 2964 1433 3076 iamque.
1492 2968 1807 3025 exsertum
1869 2962 2127 3026 remittit
2162 2961 2506 3046 flaqellum,
2549 2962 2733 3026 aliud
2775 2964 2977 3027 nescio
3021 2963 3180 3049 quid

703 3061 1026 3143 illaturus,
1043 3081 1171 3145 pro
1208 3081 1327 3147 quo
1361 3063 1633 3125 nimium
1674 3081 1849 3125 meus
1879 3061 2146 3125 concidit
2183 3061 2459 3126 animus.
2497 3061 2618 3127 His
2648 3061 2855 3141 dictis,
2884 3061 3041 3127 dum
3075 3066 3180 3128 est

702 3160 1046 3244 impositus
1085 3160 1253 3240 finis,
1301 3160 1357 3226 is
1401 3160 1514 3244 qui
1565 3164 1709 3225 erat
1761 3160 1923 3226 facie
1972 3165 2336 3225 commotus
2385 3179 2506 3226 ceu
2549 3165 2996 3245 exasperatus,
3034 3162 3181 3228 infit
3212 3183 3287 3234 ιε

703 3259 919 3325 iuveni
948 3264 1159 3326 semet
1197 3279 1318 3344 pro
1356 3259 1729 3325 interventu
1776 3261 2025 3344 gratiae
2053 3259 2407 3338 comitanti,
2457 3260 2605 3343 ipsa
2639 3261 2962 3328 referente
2990 3282 3110 3346 per
3128 3264 3183 3303 ¹⁴

708 3358 979 3443 singula,
1001 3365 1197 3444 prout
1219 3363 1407 3426 erant
1430 3359 1689 3425 audita:
1714 3358 2022 3424 Debitum
2030 3358 2196 3444 quod
2209 3380 2327 3442 per
2340 3367 2397 3423 te
2414 3362 2593 3442 petis,
2612 3358 2843 3442 frater,
2863 3361 3177 3444 relaxare,

612 3515 617 3520 .
706 3478 832 3523 non
853 3467 939 3523 est
966 3480 1163 3523 meum
1184 3479 1366 3543 posse
1392 3480 1691 3542 annuere,
1712 3459 1885 3545 quia,
1910 3459 2045 3523 licet
2061 3460 2113 3498 ¹⁵
2140 3458 2228 3523 ad
2249 3446 2401 3523 haec
2422 3460 2791 3544 corriqenda
2816 3462 3014 3525 multa
3038 3463 3183 3525 loca

702 3557 913 3641 forent
930 3558 981 3596 ¹⁶
1020 3558 1398 3644 conqmaafl,
1441 3557 1514 3623 ob
1577 3557 1691 3622 hoc
1732 3561 1892 3622 istuc
1908 3559 1959 3597 ¹⁸
2002 3565 2322 3623 remanent
2338 3558 2392 3597 ¹⁹
2440 3564 2778 3640 reservata,
2819 3566 2890 3623 ut
2935 3559 3185 3645 liquido

708 3659 949 3721 ctcnctis
973 3657 1211 3722 clareat
1238 3658 1514 3743 qualiter
1540 3659 1830 3721 animam
1860 3677 2154 3742 corpusre
2196 3664 2409 3721 noceat
2448 3656 2758 3743 quodlibet
2789 3666 2994 3723 votum
3045 3659 3184 3725 Deo
3219 3677 3296 3732 ao

710 3758 1064 3842 sanctisque
1092 3759 1227 3822 suis
1254 3777 1552 3842 sponsum
1582 3764 1637 3820 et
1668 3758 1927 3822 minime
1935 3757 2351 3841 persolutum.
2379 3756 2461 3822 Et
2494 3777 2580 3823 ne
2607 3757 2752 3840 quis
2779 3777 2945 3823 ausu
2974 3763 3186 3824 teme-

633 3854 637 3858 ’
708 3855 920 3921 ritatis
959 3861 1109 3940 post
1148 3860 1291 3922 tam
1332 3856 1729 3922 luculentam
1772 3857 2088 3922 visionem
2125 3855 2240 3920 fiat
2281 3855 2669 3936 incredulus,
2714 3856 2885 3940 quod
2930 3858 3185 3926 dictum

708 3954 969 4021 ultionis
1031 3957 1324 4041 sequitur
1378 3955 1563 4033 ictus,
1615 3956 1863 4021 visibus
1911 3955 2278 4021 obcaecatis
2320 3958 2387 4020 et
2427 3955 2495 4019 in
2536 3959 2795 4021 tantum
2849 3961 3183 4024 tumorem

711 4054 915 4132 elatiS,
944 4059 1018 4121 ut
1044 4055 1335 4122 nonnulli
1362 4055 1660 4123 videntes
1689 4055 2049 4133 crederent,
2080 4054 2257 4138 quod
2284 4055 2463 4120 ocius
2486 4060 2826 4138 creperent
2839 4055 2912 4136 ²⁰,
2941 4057 3183 4123 modus

709 4155 903 4238 exigit
957 4155 1247 4234 rationis,
1288 4158 1362 4219 ut
1418 4154 1758 4220 evolvatur
1813 4159 2001 4220 textu
2054 4153 2468 4233 narrationis,
2525 4155 2609 4219 ob
2668 4173 2867 4237 quam
2917 4155 3185 4240 culpam
3225 4173 3307 4228 3⁸

706 4253 909 4319 talem
928 4254 1238 4319 meruerit
1257 4272 1561 4337 poenam.

792 4360 859 4419 6.
901 4351 1196 4437 Denique
1222 4354 1387 4419 baec
1427 4353 1659 4419 eadem
1703 4353 2027 4419 nobilibus
2069 4357 2215 4419 orta
2256 4352 2605 4431 natalibus,
2650 4353 2828 4436 apud
2869 4360 3189 4437 parentes

710 4455 1116 4518 commorata
1142 4453 1377 4517 morbo
1406 4451 1808 4519 clandestino
1851 4457 1950 4519 est
1992 4453 2062 4518 in
2102 4453 2361 4537 inguine
2401 4452 2651 4533 vitiata,
2691 4471 2815 4518 nec
2843 4473 3191 4538 quoquam

707 4654 777 4667 —
794 4626 822 4662 ⁴
836 4626 1068 4682 decoros
1092 4628 1159 4681 Μ
1173 4633 1299 4681 ante
1317 4643 1528 4682 eorn-
1547 4625 1575 4661 ⁸
1596 4629 1826 4682 deletam
1846 4630 1909 4682 in
1934 4627 2016 4683 M.
2031 4655 2101 4668 -
2120 4627 2146 4663 ⁸
2161 4626 2490 4695 conglobato
2514 4628 2659 4682 11—
2683 4626 2709 4662 ἵ
2726 4628 2991 4684 conscidit
3013 4631 3089 4685 H.
3117 4660 3196 4672 —

706 4709 815 4764 ’ex
832 4710 987 4764 Ε-
1007 4709 1138 4764 ’vel
1156 4709 1306 4763 ΒΜ.
1325 4736 1395 4749 -
1417 4708 1467 4744 ¹⁰
1486 4710 1841 4779 contingitH.
1862 4738 1931 4751 —
1956 4711 2001 4746 ¹¹
2018 4710 2296 4765 remscire
2318 4709 2467 4764 LM.
2491 4737 2556 4749 —
2593 4710 2641 4745 ¹²
2663 4711 2736 4778 (g.
2764 4711 2863 4777 m.)
2885 4728 2963 4766 m.
2984 4715 3196 4770 tenens

704 4790 858 4844 L.-
875 4790 1035 4845 ¹⁸sed
1062 4791 1273 4846 Lman.
1292 4808 1419 4859 pr.,·
1440 4807 1553 4846 non
1578 4792 1628 4846 L
1645 4809 1790 4847 corr.
1807 4810 1926 4866 sup.
1944 4794 2043 4848 lin.
2066 4823 2129 4833 -
2155 4793 2203 4826 ¹⁴
2219 4808 2322 4846 om.
2346 4792 2413 4847 L.
2430 4819 2500 4832 -
2521 4792 2571 4826 ¹⁸
2592 4808 2696 4847 om.
2718 4793 2869 4848 LM.
2885 4822 2954 4834 -—
2978 4794 3027 4830 ¹⁸
3045 4794 3104 4860 (l.
3122 4796 3196 4864 s.)

706 4870 908 4927 fuerint
929 4872 968 4927 l.
994 4873 1147 4927 L.-
1171 4872 1220 4908 ¹¹
1236 4874 1590 4942 congruentia
1625 4876 1770 4930 lust.
1788 4903 1858 4914 —
1889 4874 2098 4930 ¹⁸istud
2123 4875 2190 4929 Μ
2208 4882 2332 4930 ante
2352 4891 2524 4943 corr.;
2545 4873 2652 4929 ista
2671 4875 2740 4929 L.
2761 4907 2830 4918 —
2855 4876 2902 4912 ¹⁹
2925 4883 3202 4937 remanet

709 4955 1594 5030 Hameorr.†”creptentbi.
1733 4948 1740 4954 ’
