3487 5450
676 556 823 627 4:20
1288 576 1372 625 DE
1431 571 1843 624 mmmmm:
1899 572 2143 624 caums
2198 571 2551 623 manuus,

678 765 746 828 ἐν
775 771 866 847 τῷ
901 766 1118 841 στήθει
1152 764 1426 841 κρούων,
1461 763 1819 840 ἀνεβόησεν
1844 762 2117 838 ἐκτενῶς
2140 762 2305 839 πρὸς
2331 764 2447 826 τὸν
2472 762 2699 840 κύριον
2725 761 3161 839 ἐξομολογού-

676 893 868 952 μενος
899 875 995 935 ἐπὶ
1026 878 1098 953 τῆ
1132 874 1415 952 προτέρᾳ
1446 871 1673 950 ἀγνοίᾳ
1704 871 1802 932 καὶ
1838 870 2245 944 θαυμάζοντα
2290 871 2387 933 ἐπὶ
2415 872 2660 947 πάντας
2707 873 2866 960 τοὺς
2897 870 2987 947 εἰς
3032 872 3160 933 τὸν

675 981 951 1058 Χριστὸν
989 979 1501 1054 πιστεύσαντας·
1550 978 1646 1040 ἐπὶ
1691 979 1857 1040 πολὺ
1912 980 1983 1039 δὲ
2051 979 2503 1055 προσθέμενος
2532 979 2551 1015 ¹
2596 984 2670 1058 τῇ
2726 979 2969 1055 ἑβραῖδι
3022 979 3165 1040 δια-

675 1090 894 1169 λέκτῳ,
927 1088 1108 1163 ὅπως
1141 1086 1497 1167 φανερώσῃ
1526 1085 1701 1166 αὐτῷ
1736 1084 1774 1146 ὁ
1807 1084 2030 1162 κύριος
2063 1085 2164 1147 καὶ
2188 1086 2425 1162 ταύτην
2448 1088 2565 1162 τήν
2590 1085 2842 1162 αἴτησιν
2867 1084 3160 1162 καθάπερ

677 1198 776 1259 καὶ
808 1196 904 1258 ἐπὶ
935 1198 1051 1257 τοῦ
1107 1197 1431 1271 σταυροῦ·
1464 1194 1621 1268 ὅπερ
1658 1194 1754 1255 καὶ
1788 1193 2065 1268 ἐγενετο·
2099 1191 2318 1270 ἱκανῆς
2351 1196 2423 1256 δέ
2470 1194 2652 1271 ὥρας
2697 1194 3162 1271 διαγεναμένης
3200 1206 3237 1254 5

678 1305 775 1367 ἐπὶ
808 1308 920 1378 τῆς
952 1304 1167 1379 εὐχῆς,
1201 1295 1369 1364 εἶπεν
1398 1302 1472 1364 τὸ
1513 1308 1535 1333 “
1569 1300 1735 1376 ἀμήν
1769 1320 1822 1377 „·
1857 1301 2013 1376 μετὰ
2042 1298 2163 1362 οὖν
2193 1303 2308 1377 τήν
2352 1301 2546 1379 εὐχήν
2592 1301 2846 1375 ἐγένετο
2880 1303 3162 1378 σημεῖον

679 1412 714 1474 ὃ
747 1413 844 1473 καὶ
876 1411 934 1473 οἱ
965 1410 1469 1486 παραγενάμενοι
1503 1402 1692 1471 εἶδον.
1726 1410 1949 1485 ὥσπερ
1981 1409 2102 1485 γὰρ
2136 1406 2475 1486 ἀστραπῆς
2507 1396 2759 1487 φέγγος
2786 1409 3161 1485 ἐπέλαμψεν

680 1520 745 1580 ἐν
776 1524 866 1599 τῳ
900 1518 1077 1598 τόπῳ
1110 1518 1344 1597 ἐκείνῳ,
1380 1518 1671 1592 ἔλαμψαν
1703 1518 1774 1578 δὲ
1798 1517 1896 1578 καὶ
1923 1514 1982 1578 οἱ
2011 1518 2130 1578 τοῦ
2159 1519 2454 1593 σταυροῦ
2482 1517 2623 1593 ἥλοι
2650 1517 2876 1593 ὥσπερ
2900 1504 3163 1595 χρυσὸς

680 1626 1138 1703 ἐξαστράπτων
1191 1624 1349 1701 ὑπὲρ
1394 1625 1509 1700 τάς
1556 1623 1815 1699 ἀκτῖνας
1860 1626 1978 1685 τοῦ
2013 1623 2214 1699 ἡλίου,
2256 1624 2430 1687 ὥστε
2472 1625 2717 1702 πάντας
2748 1624 3165 1702 ἀδιστάκτως

678 1734 905 1808 λέγειν·
936 1736 1054 1795 νῦν
1087 1733 1450 1807 ἐγνώκαμεν
1482 1733 1548 1808 ἔς
1578 1751 1717 1794 τινα
1759 1732 2285 1807 πεπιστεύκαμεν.
2332 1733 2486 1808 μετὰ
2532 1734 2776 1809 πολλῆς
2808 1735 2880 1796 δέ
2910 1732 3167 1810 εὔχαρι·
3212 1747 3275 1796 ιο

682 1842 864 1917 στίας
913 1840 1351 1916 <άνελόμενος
1404 1839 1440 1901 ὁ
1495 1839 1852 1915 ἐπίσκοπος
1879 1837 1961 1906 ²>
2011 1840 2456 1916 προσήνεγκεν
2509 1824 2750 1917 αὐτοὺς
2804 1845 2881 1922 τῇ
2936 1845 3167 1919 θεοφι·

679 1948 951 2029 λεστάτῃ
1010 1946 1296 2026 Ἑλένῃῧ·
1344 1947 1379 2023 ἡ
1423 1948 1493 2008 δέ
1537 1946 1900 2023 θεασαμένη
1955 1947 2109 2023 μετὰ
2158 1949 2406 2010 πολλοῦ
2453 1948 2676 2026 φόβου
2728 1946 3002 2011 κλίνασα
3043 1950 3168 2025 τὴν

683 2058 969 2133 κεφαλήν
1015 2057 1112 2116 καὶ
1157 2055 1234 2116 τά
1276 2054 1519 2127 γόνατα
1563 2052 2030 2130 εὐχαρίστησεν
2059 2059 2151 2135 τῷ
2198 2053 2428 2137 κυρίῳ.
2456 2056 2703 2133 πολλὴν
2734 2058 2806 2119 δέ
2837 2055 3171 2133 φροντίδα

683 2163 868 2240 ’έσχεν
912 2162 966 2222 τί
995 2161 1175 2229 <ἂν>
1203 2161 1458 2237 ποιήσει
1503 2163 1659 2236 τοὺς
1705 2160 1932 2237 ἥλους·
1964 2160 2000 2237 ἡ
2038 2162 2107 2223 δὲ
2136 2163 2253 2224 τοῦ
2287 2161 2459 2225 Θεοῦ
2493 2162 2707 2240 σοφία
2737 2162 3058 2242 ὑπέβαλεν
3089 2163 3166 2227 ἐν

682 2275 754 2351 τῇ
802 2270 1051 2348 διανοίᾳ
1095 2268 1295 2344 αὐτῆς
1339 2270 1456 2330 τοῦ
1501 2271 1769 2344 ποιῆσαι
1821 2258 2250 2345 σωτηρίανέν
2279 2270 2416 2346 ταῖς
2460 2269 2851 2347 μελλούσαις
2881 2252 3165 2348 γενεαῖς.
3208 2285 3274 2334 ⁴5

683 2376 1235 2455 μετακαλεσαμένη
1269 2378 1340 2437 δέ
1391 2374 1595 2451 ἄνδρα
1633 2375 1867 2438 πιστὸν
1907 2375 2006 2437 καὶ
2045 2376 2442 2454 ἐπιστήμονα
2484 2370 2658 2441 εἶπεν
2712 2378 2884 2456 πρὸς
2928 2378 3164 2443 αὐτόν’

687 2486 1004 2564 βασιλέως
1036 2484 1307 2559 ἔνταλμα
1328 2483 1353 2519 ⁴
1386 2484 1484 2545 καὶ
1514 2484 1875 2560 μυστήριον
1907 2485 2229 2560 φύλαξον·
2259 2486 2414 2563 λαβὲ
2442 2483 2564 2548 οὖν
2585 2485 2746 2562 τοὺς
2776 2486 2983 2565 ἥλους
3010 2487 3168 2551 τού-

682 2612 842 2668 τους
873 2593 972 2653 καὶ
1016 2592 1296 2668 ποίησον
1327 2589 1702 2667 σαλιβάριον
1741 2594 1833 2671 τῷ
1866 2591 2143 2672 χαλινῷῦ
2171 2594 2289 2654 τοῦ
2314 2590 2517 2657 ἵππου
2556 2591 2664 2671 ἐφ’
2696 2593 2749 2676 ᾧ
2782 2592 2819 2656 ὁ
2853 2577 3168 2675 βασιλεὺς

684 2700 1005 2764 καθέζεται
1051 2701 1149 2761 καὶ
1200 2699 1379 2762 ἔσται
1432 2696 1635 2760 ὅπλον
1682 2695 1983 2775 ἀνίκητον
2026 2700 2194 2777 πρὸς
2243 2700 2489 2777 πάντας
2539 2700 2841 2780 ἐχθρούς,
2872 2703 3055 2780 νῑκός
3088 2722 3167 2769 τε

687 2808 1004 2885 βασιλέως
1056 2808 1155 2868 καὶ
1208 2807 1420 2883 εἰρήνη
1467 2806 1787 2881 πολέμου·
1818 2806 1907 2874 <ὃ
1954 2808 2053 2868 καὶ
2104 2809 2321 2886 λαβὼν
2372 2809 2734 2886 πεποίηκεν,
2787 2810 2884 2887 ὡς
2924 2827 3177 2889 προσε-
3210 2822 3283 2872 20

682 2915 841 2991 τάγη
867 2915 972 2988 6>,
996 2914 1177 2991 ὅπως
1201 2916 1512 2995 πληρωθῇ
1538 2914 1611 2975 τὸ
1639 2913 1742 2975 διά
1771 2915 1890 2975 τοῦ
1920 2915 2272 2992 προφήτου
2309 2917 2558 2995 λεχθέν·
2590 2918 2691 2978 καὶ
2720 2917 2904 2980 ἔσται
2935 2917 3008 2982 ἐν
3026 2921 3174 2997 ταῖς

685 3022 945 3100 ἡμέραις
977 3021 1240 3097 ἐκείναις
1271 3022 1345 3083 τὸ
1371 3020 1394 3056 ⁷
1426 3020 1524 3083 ἐπὶ
1553 3024 1644 3100 τῷ
1675 3023 1911 3103 χαλινῷ
1937 3024 2055 3084 τοῦ
2081 3022 2284 3084 ἵππου
2311 3026 2432 3086 τοῦ
2460 3024 2781 3102 βασιλέως
2803 3023 2994 3099 ἅγιον
3007 3027 3173 3094 <καὶ

688 3128 974 3206 ἅγιον8>
1003 3129 1387 3206 κληθήσεται
1412 3133 1503 3210 τῷ
1538 3128 1766 3210 κυρίῳ·
1798 3129 1836 3205 ἡ
1870 3130 1941 3191 δὲ
1971 3129 2245 3207 μακαρία
2274 3128 2492 3208 Ἑλένη
2525 3133 2642 3207 τὴν
2674 3132 2763 3209 εἰς
2792 3133 2909 3196 τὸν
2941 3133 3175 3213 κύριον

684 3235 868 3313 ἡμῶν
920 3235 1172 3312 Ἰησοῦν
1222 3234 1498 3313 Χριστὸν
1537 3234 1754 3298 πίστιν
1797 3235 2172 3320 κρατύνασα
2221 3233 2291 3299 ἐν
2341 3234 2755 3315 Ἰερουσαλὴμ
2802 3241 2903 3301 καὶ
2955 3239 3176 3303 πάντα

685 3343 1032 3417 τελέσασα,
1056 3343 1202 3405 τότε
1225 3342 1486 3405 ἐπέθετο
1518 3341 1806 3419 διωγμὸν
1826 3343 1965 3418 τοῖς
1994 3340 2352 3421 Ἰουδαίοις.
2384 3343 2535 3407 ὅσοι
2567 3343 2689 3409 οὖν
2720 3345 2841 3408 οὐκ
2870 3345 3171 3411 ἐπίστευ-
3205 3359 3282 3410 25

687 3465 815 3514 σαν
844 3456 934 3533 τῷ
980 3449 1233 3532 Χριστῷ
1280 3449 1755 3527 ἐξεδιώχθησαν
1799 3448 1869 3512 ἐκ
1910 3453 2027 3526 τῆς
2069 3448 2379 3529 Ἰουδαίας
2427 3452 2528 3515 καὶ
2582 3452 3034 3532 διεσπάρησαν
3069 3456 3174 3534 εἰς

684 3561 903 3621 πᾶσαν
931 3560 1047 3634 τὴν
1076 3561 1216 3635 γῆν.
1246 3559 1535 3635 τοσαύτη
1582 3560 1651 3620 δέ
1681 3556 1864 3635 χάρις
1894 3558 2089 3636 ἐδόθη
2121 3563 2215 3640 τῷ
2261 3558 2595 3642 ἐπισκόπῳ
2640 3560 2935 3645 Κυριακῷ
2989 3563 3175 3629 ὥστε

688 3667 996 3742 δαίμονας
1039 3663 1367 3742 ἐκβάλλειν,
1406 3667 1504 3728 καὶ
1546 3667 1917 3742 νοσοῦντας
1963 3666 2356 3743 θεραπεύειν.
2389 3666 2425 3744 ἡ
2478 3670 2548 3730 δὲ
2579 3667 2908 3748 ὁσιωτάτη
2941 3670 3172 3751 Ἑλένη

685 3774 892 3836 πολλὰ
916 3772 1357 3850 καταλείψασα
1379 3778 1469 3856 τῷ
1495 3771 1839 3861 ὁσιωτάτῳ
1864 3772 2200 3856 ἐπισκόπῳ
2230 3773 2523 3859 Κυριακῷ
2556 3776 2645 3853 εἰς
2671 3779 3001 3843 διακονίαν
3029 3783 3176 3844 τῶν

684 3884 978 3960 πτωχῶν,
1033 3878 1248 3957 οὕτως
1301 3880 1602 3958 ἐκοιμήθη
1658 3880 1727 3943 ἐν
1779 3880 1996 3964 εἰρήνῃ
2048 3883 2584 3959 παραγγείλασα9
2630 3889 2831 3950 πᾶσιν
2873 3890 3013 3963 τοῖς
3049 3889 3178 3954 τὸν
3216 3898 3287 3951 30

686 3988 960 4066 Χριστὸν
1018 3988 1396 4065 σεβομένοις
1447 3990 1649 4050 τελεῖν
1698 3989 1816 4065 τὴν
1870 3985 2120 4066 μνήμην
2170 3994 2285 4067 τῆς
2338 3991 2579 4069 ἡμέρας
2631 3992 2700 4056 ἐν
2742 3993 2781 4075 ᾗ
2838 3993 3070 4073 εὑρέθη
3135 3995 3178 4060 ὁ

688 4096 978 4173 σταυρὸς
1008 4098 1126 4158 τοῦ
1157 4094 1455 4172 Χριστοῦ,
1489 4095 1633 4173 μηνὶ
1664 4094 2042 4179 Ἀρτεμισίῳ
2059 4096 2111 4134 ¹⁰
2140 4098 2214 4160 κ’.

755 4203 956 4268 Ὅσοι
987 4202 1109 4267 οὖν
1152 4202 1672 4280 μνημονεύουσιν
1714 4206 1835 4266 τοῦ
1880 4207 2177 4282 σταυροῦ
2222 4208 2342 4269 τοῦ
2386 4206 2667 4284 Χριστοῦ
2716 4207 3007 4288 τύχωσιν
3050 4215 3179 4292 τῆς

688 4312 946 4391 μερίδος
974 4315 1089 4389 τῆς
1113 4311 1426 4374 θεοτὸκου
1459 4310 1738 4388 Μαρίας,
1773 4312 1877 4374 διὰ
1905 4315 2024 4375 τοῦ
2057 4312 2284 4391 κυρίου
2312 4314 2495 4392 ἡμῶν
2527 4313 2743 4392 Ἰησοῦ
2775 4316 3078 4394 Χριστοῦ,
3116 4320 3197 4403 ᾧ·

661 4420 726 4498 ’ἡ
759 4418 918 4483 δόξα
946 4419 1046 4480 καὶ
1075 4418 1150 4481 τὸ
1180 4417 1417 4495 κράτος
1465 4420 1592 4481 σὺν
1620 4423 1714 4501 τῷ
1747 4421 1935 4497 πατρὶ
1969 4425 2068 4483 καί
2097 4425 2190 4503 τῷ
2224 4420 2386 4504 ἁγίῳ
2416 4421 2751 4501 πνεύματι,
2788 4427 2910 4488 νῦν
2937 4426 3040 4488 καὶ
3069 4426 3179 4492 ἀεὶ
3211 4436 3283 4487 35

690 4528 790 4591 καὶ
820 4526 911 4603 εἰς
941 4528 1098 4603 τοὺς
1128 4526 1370 4603 αἰῶνας
1399 4529 1533 4590 τῶν
1564 4526 1824 4591 αἰώνων
1853 4528 2038 4605 ἀμήν.

758 4773 776 4805 ¹
799 4771 1149 4838 προθέμενος
1168 4788 1213 4825 c.
1230 4800 1299 4811 —
1321 4772 1345 4807 ¹
1364 4775 1489 4826 add.
1508 4791 1576 4827 ex
1597 4774 1661 4829 A.
1681 4807 1747 4816 —
1769 4776 1793 4809 ³
1814 4778 1849 4842 ἡ
1876 4778 2295 4848 θεοφιλεστάτη
2319 4776 2507 4844 Ἑλένη
2527 4794 2573 4833 ο.
2594 4809 2655 4820 -
2684 4781 2705 4813 ⁸
2731 4779 2999 4845 ἐνταλμαι
3023 4798 3071 4836 e.
3108 4811 3185 4824 —

689 4853 713 4889 ⁶
748 4854 1056 4921 σαληβάριν
1094 4859 1178 4908 τῶ
1221 4856 1447 4921 χαλήνω
1486 4873 1533 4911 e.
1568 4884 1634 4896 -
1668 4857 1693 4892 ⁶
1728 4858 2149 4927 δ-προσεταγη
2187 4862 2315 4915 add.
2348 4879 2418 4915 ex
2455 4863 2519 4917 A.
2564 4889 2633 4901 —
2672 4861 2693 4894 “¹
2716 4867 2802 4931 τῷ
2837 4879 2884 4917 c.
2921 4891 2992 4903 —
3031 4864 3056 4899 ⁸
3082 4868 3184 4922 καὶ

691 4937 854 5001 ἅγιον
876 4937 1086 4989 ααᾱῐᾱί.
1104 4964 1168 4975 -
1190 4938 1214 4972 ⁹
1239 4939 1625 5004 παραγγείλας
1649 4955 1696 4994 c.
1719 4971 1779 4981 —
1805 4941 1852 4975 ¹⁰
1875 4941 2199 5009 ἀρτεμησίω
2225 4959 2273 4998 c.
