3487 5450
1061 598 1503 663 mammo
1553 608 1969 663 Ausmuco.
2654 590 2751 664 37

290 796 636 881 cohaerere,
663 796 745 862 ab
768 796 869 862 his
894 804 1103 862 autem
1150 797 1638 863 cisterciensibus
1671 797 1852 862 libris
1884 797 2162 863 diversos
2195 819 2321 864 esse
2345 798 2756 865 benedictinos

290 896 526 962 codices
551 900 616 962 A
640 896 724 962 M
740 905 796 961 et
814 896 1255 983 quadantenus
1280 898 1469 961 etiam
1506 895 1578 973 V,
1600 929 1677 947 --
1705 904 1966 983 praeter
1985 895 2161 979 haec,·
2181 899 2460 984 inquam,
2485 900 2753 965 certiora

290 997 370 1063 de
395 996 680 1061 codicum
707 995 1023 1080 affinitate
1039 996 1358 1062 decernere
1386 1016 1510 1061 non
1521 1016 1892 1081 possumus.
1922 996 2189 1062 Collatis
2207 1006 2419 1063 tamen
2443 998 2756 1065 codicibus

294 1100 368 1162 in
393 1097 495 1161 his
520 1117 644 1161 non
678 1097 768 1160 ita
776 1097 1009 1181 paucis
1047 1095 1445 1173 docmnentis,
1477 1098 1636 1181 quae
1673 1115 1757 1160 ex
1785 1096 2011 1161 eisdem
2041 1103 2227 1162 antea
2255 1098 2390 1162 iam
2410 1098 2582 1163 edita
2608 1106 2755 1163 sunt

290 1197 386 1263 vel
410 1196 594 1261 modo
621 1197 689 1259 in
712 1195 1052 1281 appendice
1070 1195 1342 1278 edentur,
1369 1194 1530 1260 illud
1546 1196 1893 1277 yeueratim
1915 1202 2175 1278 constat,
2188 1204 2324 1261 tum
2341 1195 2748 1283 archetypum

290 1316 466 1361 nunc
482 1294 874 1381 deperditum
884 1296 1017 1359 iam
1039 1295 1399 1360 memlosum
1419 1295 1635 1378 fuisse,
1663 1301 1799 1359 tum
1823 1297 1892 1359 in
1912 1295 2354 1379 exscribendis,
2363 1317 2524 1383 quae
2539 1318 2758 1383 super-

290 1402 455 1473 sunt,
479 1393 938 1478 exemplaribus
956 1393 1197 1458 scribas
1215 1394 1497 1478 sinqulos
1525 1393 1709 1458 modo
1738 1392 2052 1476 fideliores
2080 1394 2264 1459 modo
2291 1395 2761 1481 neqleyentiores

264 1483 278 1490 ’
289 1494 507 1579 fuisse,
532 1493 716 1559 modo
740 1491 1064 1578 archetypi
1083 1492 1342 1558 mendas
1355 1493 1624 1576 feliciter
1651 1493 1996 1572 abstulisse,
2019 1494 2203 1558 modo
2225 1494 2395 1559 alias
2414 1494 2760 1577 addidisse,

303 1601 374 1659 ut
398 1593 661 1679 denique
684 1591 965 1657 meliores
990 1592 1273 1657 lectiones
1292 1591 1645 1678 aliquando
1674 1593 1743 1655 in
1775 1591 2089 1657 codicibus
2115 1591 2192 1657 H
2214 1591 2276 1657 L
2305 1592 2379 1670 Z,
2410 1594 2762 1681 aliquando

295 1700 531 1758 contra
558 1693 625 1755 in
656 1694 721 1757 A
748 1690 836 1765 M
842 1691 1117 1776 reperire
1141 1691 1242 1756 sit.

390 2054 613 2121 Restat
639 2062 710 2119 ut
747 2054 1010 2120 breviter
1033 2054 1407 2139 &plicemus
1448 2054 1759 2139 quomodo
1784 2053 2068 2120 elenchus
2118 2054 2417 2120 Vitarum
2455 2075 2565 2121 seu
2588 2062 2768 2120 cata-

314 2153 515 2238 loyus,
539 2174 718 2238 quem
738 2154 872 2217 iam
893 2152 1251 2233 subicimus,
1277 2154 1361 2217 sit
1386 2152 1720 2236 confectus.

394 2257 458 2318 1·
516 2253 841 2334 Quoniam
893 2253 1216 2337 imprimis
1261 2251 1577 2336 oportebat
1633 2259 1707 2317 ut
1765 2273 1924 2338 quae
1979 2254 2263 2317 omnium
2315 2253 2768 2339 &templarium

317 2353 680 2418 communia
716 2358 869 2417 sunt
894 2358 952 2416 et
977 2350 1200 2437 quibus
1245 2354 1454 2436 ipsum
1486 2353 1943 2437 primigenium
1963 2352 2393 2438 leyendarium
2431 2353 2770 2433 constabat,

320 2451 726 2535 manifestius
772 2458 1173 2536 apparerent,
1214 2450 1350 2516 ideo
1396 2472 1469 2517 ea
1510 2472 1672 2536 quae
1716 2452 1986 2536 sinqulis
2020 2453 2266 2536 passim
2314 2451 2774 2536 exemplaribus

321 2558 470 2616 sunt
499 2550 726 2616 addita
768 2551 881 2633 vel,
920 2552 980 2615 si
1020 2551 1089 2614 in
1120 2549 1418 2635 pluribus
1454 2551 1766 2636 lequntur,
1807 2570 1840 2615 e
1879 2552 2200 2616 communi
2239 2558 2449 2615 tamen
2486 2553 2770 2616 omnium

324 2649 607 2715 codicum
631 2649 808 2734 fonte
833 2650 1124 2714 derivata
1149 2670 1276 2714 non
1303 2649 1615 2732 videntur,
1641 2651 1714 2715 in
1755 2650 2015 2735 infimas
2038 2650 2330 2737 paqellas
2365 2651 2778 2736 releyavimus

319 2739 592 2835 etpaulo
610 2751 960 2816 minoribus
983 2753 1154 2837 typis
1178 2752 1615 2835 expressimus.

402 2851 467 2914 2·
509 2848 587 2915 Ut
609 2850 978 2915 ostendatur
1003 2870 1161 2936 quae
1184 2849 1653 2935 Leqendarium
1696 2851 1863 2914 inter
1888 2855 1944 2914 et
1998 2849 2369 2932 Wolfhardi
2401 2850 2780 2936 martyrolo-

312 2952 498 3037 9ium
517 2949 858 3015 intercedat
876 2951 1183 3033 coquatio,
1223 2948 1673 3032 Wolfhardum
1696 2950 1761 3013 in
1785 2947 1899 3014 hoc
1917 2949 2202 3034 cataloyo
2223 2969 2401 3033 saepe
2417 2950 2779 3032 citavimus,-

318 3069 538 3134 nempe
563 3049 632 3132 α)
659 3050 1151 3135 quotiescumque
1178 3049 1340 3113 idem
1367 3050 1621 3113 omnino
1663 3055 1868 3112 tatus
1910 3056 1966 3113 et
2002 3049 2075 3112 in
2121 3048 2584 3134 Martyroloyio
2622 3049 2777 3114 etin

317 3149 716 3234 Leqendario
754 3148 1091 3228 exhibetur,
1117 3155 1265 3212 tunc
1294 3148 1829 3232 Martyroloqium
1851 3148 1944 3228 (=
1971 3150 2295 3232 walum),
2314 3155 2520 3233 utpote
2540 3148 2777 3231 fontem
2873 3187 2874 3190 =

310 3256 677 3330 ceterorum,
718 3254 863 3311 ante
923 3246 1159 3312 codices
1191 3246 1588 3332 Leqendarii,
1632 3248 1697 3329 β)
1741 3246 1846 3311 ubi
1885 3266 2029 3311 vero
2068 3248 2139 3311 in
2196 3246 2575 3331 Wolfhardo
2611 3248 2780 3313 idem

321 3347 575 3435 quidem
615 3353 819 3412 tectus
845 3354 1033 3434 atque
1056 3348 1127 3410 in
1152 3345 1568 3432 Leqendario,
1594 3345 1703 3410 sed
1731 3347 1789 3410 is
1821 3348 1946 3411 sive
1972 3354 2333 3411 contractus
2352 3348 2480 3412 sive
2521 3349 2784 3413 mutilus

312 3449 566 3534 leyitur,
620 3454 770 3511 tunc
824 3446 1355 3531 Mat-tyroloqium
1404 3453 1551 3530 post
1611 3444 1850 3509 codices
1910 3445 2298 3529 Leyendarii
2340 3447 2783 3513 recensuimus.

326 3546 637 3614 Numer—is
662 3552 871 3610 autem
910 3544 1130 3631 ubique
1149 3546 1237 3609 ad
1265 3565 1486 3610 nomen
1513 3544 1758 3610 Wolflz.
1791 3546 2101 3629 appositis
2114 3545 2277 3628 folia
2303 3545 2535 3611 codicis
2561 3545 2787 3611 Mona-

314 3648 522 3713 censis
560 3645 768 3710 18100
793 3644 1257 3729 desiqnavimus
1273 3669 1303 3726 ;
1324 3644 1490 3730 quod
1518 3646 1577 3708 si
1603 3645 1734 3708 alio
1781 3645 1883 3709 die
1924 3644 2199 3709 alicuius
2236 3646 2445 3709 sancti
2483 3647 2787 3711 memoria

324 3745 511 3831 apud
546 3743 999 3827 Wolfhardum
1026 3745 1262 3829 ayitur,
1284 3745 1354 3808 id
1379 3744 1690 3809 adnotare
1716 3764 1845 3808 non
1867 3745 2211 3809 omisimus.

398 3847 470 3910 3·
518 3845 680 3911 Item
706 3853 795 3910 ·ut
833 3844 1202 3909 ostendatur
1250 3846 1314 3908 in
1358 3863 1481 3929 quo
1530 3846 1903 3909 conveniant
1942 3842 2347 3928 Leqendaria
2394 3844 2792 3908 austriacum

317 3954 380 4012 et
423 3943 924 4028 Windberqense,
949 3943 1199 4008 stellula
1226 3945 1318 4027 (⁴⁵)
1360 3949 1505 4007 ante
1540 3945 1810 4007 nomina
1840 3952 2204 4006 sanctorum
2233 3942 2526 4027 apposita
2547 3942 2796 4008 indica-

325 4048 538 4110 vimus
589 4044 691 4108 his
738 4043 889 4107 locis
934 4044 1002 4105 in
1044 4050 1307 4128 utroque
1359 4041 1760 4127 Leqendario
1813 4041 1980 4106 idem
2024 4061 2300 4126 prorsus
2359 4041 2794 4106 documentum

326 4145 718 4228 descriptum
765 4162 925 4219 esse‚·
963 4140 1127 4207 binis
1180 4150 1387 4206 autem
1434 4141 1696 4206 stellulis
1746 4141 1873 4224 (⁸)
1917 4142 1984 4205 in
2025 4148 2291 4254 utroque
2335 4141 2501 4205 idem
2545 4140 2795 4226 quidem

314 4243 764 4309 documentum
786 4250 1048 4321 exstare,
1076 4261 1288 4306 cerum
1313 4243 1376 4306 in
1402 4242 1719 4306 alterutro
1742 4241 2572 4324 ultimamipsiuspartema
2587 4239 2796 4305 scriba

316 4363 457 4409 esse
469 4342 1012 4428 praetermissam

414 4440 482 4504 4⁰
508 4440 868 4519 Lemmata,
909 4459 1069 4524 quae
1125 4437 1286 4502 Vitis
1325 4441 1392 4501 in
1440 4439 1711 4522 sinqulis
1769 4436 2083 4502 codicibus
2120 4437 2416 4523 praefixa
2453 4443 2621 4519 sunt,
2664 4435 2803 4518 fere

320 4541 732 4626 neyleximus.
762 4537 866 4602 Ea
895 4538 1061 4602 enim
1097 4537 1367 4621 fideliter
1395 4536 1633 4619 referre
1674 4543 1730 4601 et
1757 4537 2011 4622 lonqum
2037 4544 2193 4617 erat,
2223 4573 2305 4585 —
2338 4536 2610 4600 multum
2634 4537 2800 4601 enim

327 4643 505 4707 inter
546 4658 611 4703 se
636 4638 890 4702 diversa
927 4644 1094 4719 sunt,
1116 4674 1193 4685 —
1225 4644 1281 4702 et
1310 4637 1553 4701 nullam
1608 4636 1943 4701 utilitatem
1980 4642 2229 4721 poterat
2256 4635 2487 4719 afferre
2512 4636 2628 4720 (1).
2654 4631 2807 4699 Ideo

398 4804 478 4872 (1)
499 4804 771 4872 Exemplo
789 4803 903 4857 sint
922 4818 1063 4872 quae
1082 4802 1337 4871 leguntur
1358 4801 1429 4857 ad
1446 4801 1499 4858 d.
1519 4802 1556 4856 2
1577 4817 1691 4870 apr.
1710 4805 1839 4856 ante
1856 4800 2171 4856 Passionem
2193 4801 2249 4856 S.
2271 4800 2632 4866 Theodosias,
2646 4799 2705 4854 in
2721 4799 2776 4854 Η
2792 4823 2811 4859 =

320 4890 538 4944 Passio
559 4888 703 4941 beate
726 4884 1019 4940 sseodosie
1039 4888 1273 4955 ciryinis
1288 4894 1340 4940 et
1358 4890 1626 4954 martyris
1632 4905 1657 4953 ,·
1672 4885 1729 4938 in
1747 4884 1823 4940 A:
1842 4885 2036 4940 Passio
2057 4893 2240 4940 sancte
2268 4885 2560 4940 sseodosie
2569 4882 2668 4951 ,·in
2685 4883 2740 4938 Π
2756 4888 2814 4938 et

320 4969 380 5026 V
398 4990 416 5026 :
440 4971 638 5024 Passio
663 4967 956 5024 ssmdosie
977 4971 1228 5037 viminis.
