3487 5450
719 513 817 587 36
1760 534 1849 587 m:
1901 534 2143 587 nono

719 724 980 790 adverso
1005 724 1276 812 quodam
1306 745 1457 790 casu
1470 725 1752 810 periisse,
1769 731 1933 809 puta
1958 723 2246 790 incendio
2272 723 2403 806 illo,
2431 724 2600 811 quod
2626 744 2797 789 anno
2821 726 2990 791 1597
3013 726 3178 793 Mel-

717 824 934 889 licium
960 827 1229 890 vastavit
1263 826 1645 911 optimosque
1681 824 1917 890 codices
1957 824 2302 908 absumpsit
2329 824 2440 909 (1).
2493 823 2722 889 Postea
2762 846 2903 890 vero
2942 847 3170 892 curam

716 925 972 1008 qessisse
999 923 1148 990 Chr.
1176 922 1330 989 Lieb
1356 930 1427 989 ut
1456 923 1925 1010 Leqendarium
1962 924 2035 989 in
2059 925 2373 1009 inteqrum
2411 924 2858 1006 restitueretur,
2901 925 3177 1011 ideoque,

719 1030 962 1108 accepto
982 1023 1240 1088 aliunde
1265 1023 1629 1109 exernplari,
1655 1023 1978 1088 volumina
2007 1044 2166 1108 quae
2200 1022 2477 1103 deerant,
2504 1023 2734 1088 scilicet
2764 1023 2860 1089 M.
2886 1025 2947 1105 4,
2975 1027 3036 1108 5,
3064 1030 3178 1089 etc.

719 1123 1135 1208 ascripsisse.
1163 1122 1499 1204 Quodnam
1525 1130 1735 1187 autem
1759 1123 1956 1206 fuerit
1981 1122 2145 1187 illud
2170 1122 2508 1206 exemplar,
2534 1142 2661 1186 non
2689 1123 2897 1208 liquet.
2933 1123 3180 1204 Quam-

720 1242 913 1308 quam
938 1221 1103 1286 enim
1129 1242 1271 1286 cum
1314 1220 1848 1287 Admuntensibus
1875 1220 2191 1286 codicibus
2218 1222 2434 1305 potius
2461 1223 2847 1286 consentiunt
2887 1221 3179 1288 Christo—

715 1320 908 1404 phori
929 1320 1318 1405 apoqrapha,
1340 1341 1531 1406 quam
1559 1341 1699 1385 cum
1728 1321 1880 1386 ullis
1908 1321 2058 1384 aliis
2098 1318 2553 1405 superstitibus,
2580 1327 2668 1385 est
2709 1327 2920 1386 tamen
2948 1320 3055 1386 ubi
3098 1320 3182 1385 ab

722 1416 1257 1502 Admuntensibus
1277 1419 1578 1493 recedant,
1593 1425 1649 1483 et
1669 1439 1799 1483 non
1818 1426 1952 1483 tam
1972 1439 2235 1483 manum
2255 1418 2731 1483 emendatricem
2743 1418 3184 1505 Christophori

722 1535 918 1602 quam
958 1517 1362 1603 archetypum
1402 1517 1661 1604 aliquod
1701 1517 2110 1598 emendatius,
2157 1537 2350 1603 quam
2391 1516 2816 1583 Admuntense
2855 1520 3179 1604 exemplar

724 1622 832 1699 est,
840 1615 1108 1701 prodire
1131 1617 1482 1682 videantur.
1512 1620 1715 1704 Atque
1739 1616 1892 1683 haec
1918 1618 1994 1682 de
2015 1615 2494 1682 Mellicensibus.

808 1764 1029 1831 Restat
1064 1787 1265 1832 unum
1312 1768 1613 1848 volumen,
1642 1767 1810 1851 quod
1836 1765 2312 1832 benedictinisne
2338 1786 2427 1829 an
2453 1766 2943 1831 cisterciensibus
2969 1786 3187 1831 accen-

725 1886 918 1948 seam,
939 1864 1168 1930 dubius
1192 1866 1434 1932 haereo.
1459 1866 1578 1931 Est
1602 1886 1821 1951 nempe

1518 2166 1754 2226 codex
1792 2163 2381 2226 vindobonensis.

809 2368 968 2426 Va-
988 2360 1176 2425 codex
1195 2358 1584 2425 bibliothecae
1604 2360 1938 2444 palatinae
1962 2360 2077 2425 lat.
2104 2360 2255 2440 336,
2280 2359 2426 2424 olim
2455 2362 2486 2394 ²
2511 2358 2653 2424 hist.
2682 2360 2824 2424 eccl.
2853 2362 2897 2423 5
2923 2410 2980 2441 „,
3007 2380 3191 2446 quem

728 2479 803 2525 ea
826 2479 953 2546 qua
974 2459 1207 2524 excellit
1234 2481 1387 2544 erqa
1415 2479 1528 2524 nos
1557 2460 1847 2525 comitate
1876 2459 2217 2524 Bruxellas
2244 2460 2436 2541 misit,
2464 2460 2574 2544 qui
2599 2466 2750 2523 tunc
2788 2457 3186 2525 bibliothecae

721 2558 1056 2644 palatinae
1083 2566 1400 2644 praeerat,
1433 2580 1485 2623 v.
1514 2559 1588 2622 cl.
1630 2558 1982 2624 Gulielmus
2010 2558 2087 2623 de
2113 2557 2370 2623 Hartel.

820 2656 1080 2724 Constat
1101 2657 1279 2741 foliis
1298 2658 1425 2723 418
1447 2658 1665 2740 (0-‚43
1703 2674 1755 2725 ><
1790 2659 1995 2741 0,30);
2018 2657 2184 2741 folia
2223 2664 2432 2721 tamen
2475 2658 2727 2742 siqnata
2754 2664 2903 2721 sunt
2943 2658 3146 2722 solum
3165 2694 3193 2708 -

728 2757 914 2823 modo
960 2759 1238 2822 numeris
1279 2757 1490 2822 1-412.
1540 2755 1766 2821 Verum
1807 2756 1957 2821 bina
2007 2757 2170 2840 folia
2219 2777 2552 2821 numerum
2584 2757 2669 2821 96
2690 2757 3085 2841 praeferunt,
3132 2764 3192 2822 et

728 2857 990 2942 insuper
1009 2857 1176 2940 folia
1209 2857 1509 2938 insiticia,
1551 2856 1731 2920 nullo
1767 2876 2027 2921 numero
2053 2862 2294 2937 notata,
2344 2854 2576 2921 addita
2617 2863 2764 2921 sunt
2792 2863 3089 2942 quattuor
3116 2858 3196 2921 in

733 2957 937 3041 capite
961 2956 1067 3040 (aa
1097 2957 1193 3037 1³,
1213 2956 1308 3038 2⁵,
1337 2955 1436 3038 3³,
1464 2955 1589 3039 Ρ),
1618 2976 1820 3020 unum
1849 2957 1917 3019 in
1936 2956 2061 3038 fine
2086 2956 2187 3040 (-
2220 2954 2344 3038 5³).

671 3107 677 3114 .
819 3054 1152 3121 Exaratus
1170 3055 1408 3138 estsere
1448 3062 1613 3120 totus
1643 3054 1901 3140 paqinis
1926 3053 2245 3138 bipartitis
2270 3074 2428 3119 saec.
2459 3052 2685 3134 XIII;
2708 3054 2876 3137 folia
2897 3054 2992 3134 1³,
3012 3054 3095 3118 2*
3135 3061 3198 3118 et

734 3154 813 3217 5³
871 3156 1134 3239 paqinis
1214 3154 1697 3239 quadripertitis
1768 3155 1903 3217 alia
1972 3173 2172 3217 mauu
2250 3172 2406 3217 saec.
2477 3151 2708 3234 Xl11;
2773 3152 2888 3235 fol.
2955 3152 3108 3217 411-
3112 3155 3197 3217 12

735 3272 895 3319 saec.
925 3251 1035 3318 XI
1048 3252 1121 3318 V.

820 3351 960 3418 Fol.
989 3353 1082 3432 1³,
1110 3352 1190 3416 2·
1215 3357 1271 3416 et
1299 3353 1377 3414 5³
1405 3351 1700 3434 descripti
1740 3357 1888 3415 sunt
1928 3352 2363 3415 commentarii
2379 3349 2797 3434 philosophici
2815 3372 2841 3427 ,·
2863 3350 2977 3434 fol.
3017 3348 3096 3413 3*
3138 3356 3198 3414 et

735 3451 814 3515 4·
833 3450 1025 3516 index
1066 3450 1381 3515 Vitarum.
1411 3450 1696 3515 Continet
1724 3470 1958 3515 menses
1985 3450 2273 3534 aprilem,
2299 3452 2563 3531 maium,
2590 3452 2862 3515 iunium.

833 3551 1121 3630 Quonam
1145 3551 1518 3635 pertinuerit
1559 3550 1709 3614 olim
1736 3550 1842 3614 ille
1870 3549 2078 3629 codex,
2107 3569 2233 3612 non
2275 3552 2704 3633 comperimus.
2749 3549 2956 3614 Unum
2983 3557 3202 3614 exstat

740 3649 1067 3729 indicium,
1090 3656 1160 3713 at
1178 3648 1353 3713 istud
1370 3649 1771 3730 levissimum,
1798 3668 2016 3733 nevnpe
2035 3647 2200 3734 quod
2223 3648 2339 3731 fol.
2354 3648 2600 3712 {1142
2615 3650 2948 3712 recentiore
2972 3669 3173 3712 manu
3181 3700 3204 3731 ,

741 3755 813 3813 ut
839 3749 1078 3813 dictum
1112 3755 1221 3829 est,
1250 3749 1566 3831 exscripta
1598 3755 1686 3812 est
1724 3745 2018 3813 Historia
2065 3749 2435 3812 intentionis
2474 3748 2895 3834 reliquiarum
2937 3747 3026 3812 ad
3065 3746 3208 3812 divi

743 3844 1079 3931 Hippolyti
1118 3848 1189 3910 in
1238 3848 1529 3911 Austria.
1580 3845 1930 3926 Quominus
1972 3854 2181 3911 autem
2242 3849 2518 3910 conicias
2556 3846 2671 3911 hoc
2716 3847 3000 3912 volumen
3050 3848 3207 3911 olim

732 3953 989 4029 partem
1001 3947 1302 4010 exstitisse
1320 3946 1700 4029 exemplaris
1716 3946 2309 4030 Campililiensis,—
2325 3945 2439 4010 hoc
2454 3947 2761 4009 nimirum
2782 3953 2952 4010 caret
2971 3947 3207 4010 mensi-

743 4045 859 4109 bus
885 4046 1099 4129 aprili,
1142 4046 1314 4109 maio
1342 4050 1398 4109 et
1421 4046 1622 4125 iunio,
1652 4039 1835 4131 atque
1856 4053 2053 4110 aetate
2072 4051 2131 4109 et
2154 4045 2369 4123 for-ma
2388 4044 2567 4108 haud
2587 4043 2871 4109 absimile
2897 4052 2985 4110 est
3003 4045 3211 4110 codici

761 4143 1329 4226 Vindobonensi,—
1350 4144 1595 4208 obstant
1615 4151 1824 4209 tamen
1844 4152 1973 4209 tum
1999 4145 2155 4225 alia,
2172 4152 2304 4209 tum
2319 4145 2696 4227 praesertim
2723 4144 2905 4229 quod,
2932 4144 3038 4208 ubi
3057 4152 3213 4209 sunt

744 4243 962 4309 variae
987 4244 1284 4325 lectiones,
1319 4264 1447 4308 non
1488 4264 1631 4308 cum
1679 4243 2164 4309 cisterciensibus
2214 4242 2690 4328 exemplaribus,
2738 4242 2846 4307 secl
2884 4243 3024 4326 fere
3063 4264 3213 4308 cum

746 4342 1167 4408 Admuntensi
1193 4345 1469 4408 convenit
1514 4350 1715 4407 textus
1760 4342 2263 4426 Vindobonensis,
2309 4349 2422 4406 aut
2462 4345 2649 4408 etiam
2674 4344 2961 4427 propriis
2989 4363 3218 4408 corru-

735 4442 946 4528 ptelis,
977 4443 1177 4528 iisque
1194 4462 1322 4506 non
1344 4443 1590 4527 paucis,
1624 4449 1713 4506 est
1738 4444 2128 4528 inquinatus.

831 4598 1095 4664 Praeter
1116 4621 1187 4664 ea
1217 4621 1373 4685 quae
1396 4599 1711 4686 hucusque
1730 4600 1979 4683 passim
2007 4601 2383 4679 vtionuimus,
2424 4635 2479 4647 -
2515 4619 2731 4683 nempe
2761 4598 2998 4663 codices
3029 4599 3091 4663 L
3135 4599 3220 4664 ab

744 4699 1094 4784 exemplari
1122 4697 1194 4762 H
1222 4701 1351 4762 iam
1378 4705 1648 4764 correcto
1677 4700 2018 4790 descriptos
2044 4719 2191 4781 esse,·
2218 4698 2452 4763 codices
2476 4697 2538 4762 Z
2554 4719 2693 4763 cum
2717 4697 3027 4763 codicibus
3047 4697 3133 4763 H
3156 4698 3222 4764 L

815 4899 889 4969 (1)
915 4899 994 4955 Cf.
1019 4899 1248 4965 Knosrs,
1271 4915 1355 4968 op.
1380 4900 1485 4963 cit..
1506 4914 1560 4966 p.
1585 4897 1664 4953 14.
