3487 5450
713 510 807 583 14
1593 528 1683 582 ns
1732 529 2285 582 mmonomo

702 718 1046 786 Richarius
1093 719 1386 803 egregius
1434 719 1808 785 conscendit
1856 719 2028 786 celos
2072 719 2333 786 arduos.
2377 718 2499 784 Hic
2545 738 2700 803 ergo
2749 720 3173 787 beatissimus

703 818 955 884 athleta
981 818 1221 885 Christi
1240 818 1531 885 Pontivis
1552 822 1734 884 ortus
1764 818 2066 884 finibus..
2087 818 2339 883 Desinit
2366 825 2575 883 autem
2588 820 2781 902 prior
2792 840 2960 904 pars
2982 819 3178 885 libelli

700 918 758 1001 f.
795 917 910 981 45·
945 919 1016 982 in
1056 917 1156 983 his
1196 918 1445 983 verbis:
1467 919 1537 984 in
1575 918 1717 984 loeo
1758 918 1875 984 ubi
1915 937 2088 984 nunc
2127 917 2474 1002 requiescit
2515 938 2664 983 eum
2704 918 2827 983 Dei
2867 918 3174 986 laudibus

704 1017 1104 1101 positusoet.

800 1114 966 1181 Tum
985 1118 1354 1200 interposita
1374 1123 1462 1181 est
1485 1116 1619 1180 alia
1649 1116 1962 1202 quaedam
1998 1117 2275 1180 recensio
2305 1118 2703 1181 narrationis
2736 1120 2937 1182 tritun
2964 1119 3180 1182 mira-

706 1215 1012 1298 culorum,
1066 1235 1337 1301 quorum
1384 1216 1669 1300 primum
1718 1215 1947 1299 leyitur
1996 1217 2062 1278 in
2128 1214 2274 1278 Vita
2326 1214 2623 1279 Richarii
2672 1223 2837 1281 auct.
2893 1218 3174 1282 Alcuino

704 1314 877 1398 (Act.
904 1313 1040 1394 SS.‚
1069 1321 1114 1379 t.
1137 1335 1216 1394 c.,
1235 1334 1306 1398 p.
1326 1313 1472 1395 446,
1500 1334 1672 1378 num.
1698 1316 1798 1394 15,
1825 1313 1973 1378 inde
1998 1313 2078 1378 ab
2097 1313 2402 1393 Quodam
2440 1318 2740 1397 tempore
2767 1315 3173 1400 vinculis...)‚

707 1413 979 1478 alterum
997 1415 1069 1477 in
1090 1413 1250 1478 libro
1276 1410 1328 1477 Ι
1336 1411 1805 1477 Miraculorum
1830 1411 2033 1497 (ibid,
2046 1433 2115 1497 p.
2144 1413 2289 1493 452,
2317 1433 2491 1477 naon.
2506 1414 2634 1498 19),
2648 1415 2902 1478 tertium
2930 1415 3182 1480 videtur

703 1502 1035 1577 ineditum.
1059 1511 1255 1595 Haec,
1277 1532 1433 1598 quae
1452 1511 1692 1577 edenda
1713 1514 2095 1594 censuimus,
2117 1512 2344 1577 videsis
2364 1514 2432 1576 in
2462 1512 2804 1597 appendice
2826 1511 2924 1579 H.

790 1610 932 1677 Fol.
974 1619 1183 1676 autem
1228 1611 1395 1694 103⁷,
1433 1612 1782 1696 praemisso
1823 1610 2181 1676 brevissimo
2247 1610 2617 1694 Wolfliardi
2647 1613 2910 1696 proloqo
2947 1634 2968 1676 .·
3000 1612 3174 1679 Bea-

705 1711 937 1777 tissimi
977 1715 1044 1776 et
1084 1712 1154 1776 in
1202 1710 1421 1776 Galliis
1456 1710 1876 1776 famosissimi
1926 1710 2311 1776 confessoris
2363 1710 2600 1777 Christi
2656 1731 2858 1795 supra
2902 1712 3176 1778 fecimus
3247 1767 3252 1772 ,

706 1810 1138 1887 mentionem;
1192 1829 1365 1875 nunc
1414 1829 1695 1893 quoque,
1751 1810 1906 1893 quia
1946 1809 2263 1876 hodierna
2320 1809 2426 1875 die
2475 1810 2676 1876 etiam
2716 1811 3173 1895 sollempnitas

706 1908 923 1992 agitur
949 1909 1107 1988 eim,
1133 1927 1258 1991 par
1284 1911 1386 1974 est
1412 1908 1658 1991 aliquid
1687 1908 2040 1987 edicamus,
2070 1909 2353 1992 sequitur
2375 1908 2578 1972 altera
2596 1929 2758 1993 pars
2777 1909 2986 1991 libelli,
3016 1931 3186 1996 quae

706 2007 989 2090 incipit:
1033 2004 1394 2089 Postquam
1451 2005 1646 2087 igitur
1691 2004 1831 2070 Deo
1886 2004 2239 2069 militans..
2296 2012 2350 2069 et
2393 2026 2553 2091 quae
2596 2004 2829 2086 forsan
2879 2008 3180 2071 continuo

709 2104 1029 2190 iunyenda
1047 2112 1135 2169 est
1145 2105 1361 2189 priori
1373 2105 1575 2187 parti,
1595 2104 1906 2167 nimirum
1919 2110 2070 2187 post
2087 2101 2273 2168 verba
2294 2124 2443 2169 cum
2463 2103 2583 2170 Dei
2601 2104 2906 2170 laudibus
2927 2107 3185 2189 positus

711 2209 813 2270 aet
839 2203 1004 2288 (vide
1030 2204 1277 2287 supra).
1302 2201 1492 2267 Hanc
1502 2208 1780 2287 partem,
1809 2204 1880 2266 in
1907 2223 2038 2288 qua
2070 2202 2368 2267 Richarii
2393 2204 2729 2269 translatio
2756 2211 3038 2270 narrata
3073 2212 3188 2288 est,

711 2302 986 2370 videsis
958 2324 1031 2369 m
1051 2301 1390 2388 appendice
1407 2299 1548 2366 ΙΠ.

791 2498 835 2562 1
862 2497 1016 2577 mai,
1040 2495 1095 2577 f.
1123 2495 1226 2575 47,
1253 2494 1517 2560 honnus
1546 2512 1764 2559 Aposr.
1786 2528 1868 2540 —
1896 2491 2187 2577 Epitome
2214 2492 2542 2558 Passionis
2568 2492 2665 2558 ed.
2698 2494 2847 2559 Act.
2874 2493 3011 2575 SS.‚
3037 2494 3189 2561 Mai

713 2601 764 2660 t.
785 2596 843 2677 1,
857 2616 926 2680 p.
957 2595 1169 2659 11-12.

794 2696 835 2762 1
861 2695 1012 2776 mai,
1029 2696 1084 2777 f.
1102 2693 1206 2774 47,
1233 2692 1560 2758 Pmmpus
1581 2710 1800 2758 APOS‘I'.
1835 2729 1911 2740 —
1933 2689 2581 2777 EpitomePassionis
2608 2691 2686 2757 de
2715 2695 2934 2779 quain
2963 2701 3182 2762 nostro

714 2793 925 2861 Catal.
952 2794 1173 2876 Brux„
1196 2801 1237 2858 t.
1266 2790 1325 2875 Ι,
1348 2813 1417 2877 p.
1445 2791 1591 2873 203,
1621 2790 1709 2855 4⁰.

795 2894 837 2958 4
862 2894 1017 2974 mai,
1054 2892 1111 2975 f.
1157 2892 1261 2976 49,
1288 2890 1623 2970 Qumuicus
1654 2910 1717 2954 u.
1761 2926 1844 2938 —
1871 2887 2159 2975 Epitome
2186 2889 2517 2955 Passionis
2542 2890 2638 2955 ed.
2670 2892 2818 2957 Act.
2847 2889 2983 2972 88.,
3017 2891 3166 2958 Mai

713 2998 760 3058 t.
778 2991 838 3073 Ι,
961 2991 1223 3056 449-50.

793 3092 839 3156 6
818 3012 1042 3170 linai,
1061 3089 1114 3171 f.
1149 3090 1281 3172 49”,
1314 3089 1702 3155 Μητωσε
1739 3106 1955 3152 ΑΡοετ.
2000 3123 2082 3134 -
2109 3087 2499 3153 Brevissima
2540 3089 2801 3172 epitome
2841 3087 3175 3157 Passionis

716 3196 969 3256 auctore
994 3188 1104 3255 Ps.
1106 3141 1375 3254 -Αόἆία,

797 3291 843 3356 9
867 3290 1022 3371 mai,
1046 3288 1104 3371 f.
1130 3289 1263 3366 ὅθ’,
1288 3287 1539 3353 Eurus
1562 3284 2049 3351 Vmocmmsm.
2079 3321 2161 3333 —
2191 3282 2482 3370 Epitome
2523 3283 2708 3350 Vitae
2735 3285 2833 3351 ed.
2865 3288 3012 3354 Act.
3039 3287 3182 3369 88,

720 3387 867 3461 Μαί
890 3395 938 3453 t.
972 3387 1074 3470 ΙΙ,
1093 3408 1165 3472 p.
1212 3387 1471 3451 365-6'7.

800 3488 882 3553 11
894 3489 1050 3569 mai,
1063 3484 1676 3570 f.51-510,Pm1.mus
1698 3503 1776 3549 m·
1791 3483 2042 3550 Lucum.
2064 3521 2146 3533 —
2164 3482 2452 3568 Epitome
2470 3482 2803 3549 Passionis
2833 3483 2904 3549 S.
2930 3487 3184 3551 Antimi

716 3585 812 3654 ed.
838 3586 1020 3669 ibid„
1046 3607 1112 3671 p.
1132 3585 1263 3652 616
1294 3605 1383 3670 sq.

797 3688 881 3751 21
907 3688 1062 3770 mai,
1085 3685 1143 3769 f.
1161 3684 1406 3766 53-531»,
1424 3682 1673 3747 mes
1702 3702 1797 3747 ει».
1826 3718 1908 3730 -
1949 3680 2096 3746 Vid.
2130 3680 2534 3766 appendicem
2558 3679 2686 3747 IV.

794 3786 881 3851 28
908 3787 1060 3866 mai,
1085 3783 1140 3866 f.
1168 3783 1414 3865 54v-55,
1456 3781 1794 3848 (ἕως
1827 3800 1921 3846 21².
1955 3781 2361 3847 Pmmmusm.
2403 3817 2486 3830 —
2527 3778 2707 3846 Vitae
2735 3788 2990 3848 auctore
3022 3782 3191 3848 For-

712 3892 935 3951 tunato
975 3884 1175 3967 (Ἀίδῃ,
1226 3888 1391 3948 auct.
1444 3888 1578 3946 ant.
1624 3887 1669 3946 t.
1714 3879 1841 3963 IV,
1881 3880 1942 3962 2,
1974 3900 2047 3964 p.
2090 3881 2171 3944 11
2215 3881 2369 3966 sqq.)
2399 3879 2808 3965 paraqraphi
2836 3881 2964 3964 1-7,
2995 3883 3191 3947 13-15

710 3985 823 4070 (15
848 3984 1077 4049 addita
1105 3990 1194 4048 est
1225 3982 1362 4047 alia
1395 3982 1687 4046 manain
1715 3981 2005 4065 vnaryine
2025 3981 2394 4065 superiore),
2420 3980 2716 4063 116-119,
2758 3981 3016 4065 99-101,
3044 3984 3191 4066 201,

713 4093 771 4151 et
789 4083 1042 4172 quidem
1060 4084 1197 4167 fere
1224 4081 1314 4146 ad
1343 4081 1621 4146 verbum.

796 4286 843 4349 2
865 4284 1004 4347 iun.
1009 4332 1031 4364 ,
1060 4281 1115 4363 f.
1143 4282 1386 4364 55v-56,
1414 4280 1851 4347 Msncsnmms
1879 4299 1957 4344 m·
2001 4278 2249 4345 Psmus
2277 4300 2389 4345 n.
2433 4316 2512 4328 —
2554 4279 2924 4346 Praemissa
2952 4302 3190 4347 narra-

714 4383 880 4448 tione
897 4402 973 4446 ex
1002 4379 1462 4465 Martyroloyio
1490 4379 1735 4444 Adonis
1755 4378 1889 4457 fere
1917 4377 2009 4442 ad
2031 4377 2282 4442 verbum
2315 4381 2652 4464 exscripta,
2678 4378 2831 4444 haec
2856 4379 3186 4446 subiunxit

730 4480 1151 4566 Wolfhardus
1169 4503 1191 4543 .·
1210 4479 1460 4546 Deinde
1487 4482 1638 4562 post
1665 4478 1874 4543 multa
1908 4482 2283 4561 temporum
2311 4478 2626 4544 curricula
2648 4479 2771 4544 sub
2813 4478 3187 4563 Eginhardo

716 4582 960 4649 abbate
994 4599 1115 4665 per
1154 4579 1441 4645 officium
1481 4577 1822 4644 cuiusdam
1853 4577 2065 4642 clerici
2092 4578 2355 4642 nomine
2383 4577 2736 4643 Deusdona
2765 4597 2994 4645 eorum
3024 4581 3195 4647 sacri

717 4681 966 4749 eineres
993 4680 1211 4746 Roma
1252 4678 1493 4744 sublati
1530 4676 1618 4744 ad
1658 4677 1894 4757 locum,
1940 4677 2052 4760 qui
2095 4681 2366 4743 vocatur
2407 4676 2848 4761 Salingenstat
2878 4679 3191 4762 diudisce,

716 4780 920 4848 latine
944 4787 974 4817 ⁸
1008 4779 1188 4846 Felix
1200 4779 1381 4845 locus
1418 4827 1470 4857 ,‚
1486 4796 1637 4842 cum
1656 4777 1897 4860 magno
1920 4779 2071 4842 sunt
2092 4775 2340 4842 honore
2369 4775 2586 4842 delati.
2608 4776 2737 4842 Ubi
2759 4781 2825 4843 et
2845 4778 2916 4844 in
2942 4779 3192 4848 itineris

719 4880 1094 4966 prolixitate
1120 4881 1372 4963 quanta
1409 4880 1719 4961 operatus
1755 4876 1842 4942 sit
1876 4895 1998 4960 per
2039 4894 2150 4942 eos
2194 4870 2488 4942 Christus
2516 4876 2851 4959 miracula,
2890 4879 3185 4966 quisquis
