3487 5450
705 583 851 658 202
1257 603 1347 656 nn
1399 603 1640 656 meno
1690 603 2135 656 Laeemumo
2185 603 2602 656 AUSTRIACO.

700 792 878 874 tibus,
935 799 1273 879 antequam
1330 792 1420 857 ad
1473 794 1637 858 nocis
1684 794 2162 858 internecionem
2209 793 2519 873 veniatur,
2571 799 2918 877 opportune
2973 791 3170 857 cedite

700 892 1020 978 locumque
1044 893 1408 977 aptatur-ae
1430 913 1600 957 meae
1618 892 1939 957 indemnes
1977 892 2109 957 illis
2136 892 2452 956 ostendite.

783 997 855 1056 ⁸7.
898 990 1099 1074 Igitur
1122 991 1348 1075 paucis
1368 990 1765 1074 interpositis
1791 990 2042 1070 diebuS,
2062 990 2357 1056 Florinus
2386 990 2620 1056 beatus
2648 1010 2736 1055 xv
2756 990 2882 1055 kal.
2904 989 3169 1056 decem·

698 1087 835 1155 bris
872 1088 1244 1171 defungitur
1278 1094 1478 1174 atque
1515 1108 1596 1155 eo
1634 1089 1852 1167 modo,
1882 1108 2014 1173 quo
2041 1088 2339 1167 iusserat,
2368 1088 2698 1172 sepelitur.
2730 1088 2876 1168 Quo
2916 1088 3165 1169 audito,

696 1191 1004 1271 parentes
1031 1192 1099 1253 et
1123 1188 1315 1254 vicini
1343 1189 1500 1267 eius,
1522 1188 1689 1254 sicut
1715 1187 1935 1254 adhuc
1952 1188 2179 1254 vivens
2204 1188 2645 1271 praedixerat,
2674 1187 2762 1254 ad
2790 1188 3163 1271 sepulerum
3199 1205 3231 1254 u

696 1287 837 1353 eins
861 1291 1306 1353 convenerunt
1323 1288 1366 1366 ¹,
1396 1287 1687 1353 volentes
1714 1306 1952 1371 corpus
1973 1287 2112 1353 eius
2140 1286 2332 1352 inde'
2358 1286 2735 1353 transferre.
2758 1286 2890 1353 Sed
2911 1286 3163 1353 incolae

694 1386 818 1452 loci
844 1386 1030 1451 ‘illius
1074 1406 1198 1452 nec
1244 1406 1481 1470 corpus
1523 1386 1691 1452 illius
1738 1386 2084 1452 voluerunt
2134 1385 2315 1464 dare,
2358 1405 2480 1453 nec
2519 1386 2740 1452 locum
2785 1386 3165 1469 sepulturae

696 1485 1068 1551 ostendere.

778 1591 850 1650 8.
890 1582 1083 1650 Unde
1109 1587 1177 1649 et
1198 1584 1504 1650 continuo
1524 1584 1591 1649 in
1611 1586 1924 1668 utroque¹
1944 1584 2186 1668 populo
2208 1603 2451 1667 magna
2474 1585 2683 1649 oritur
2703 1584 3072 1662 altercatio3
3097 1592 3165 1651 et

697 1702 846 1750 cum
871 1684 1008 1750 iam
1031 1684 1119 1751 ad
1144 1685 1270 1750 hoc
1310 1687 1696 1767 perventum
1738 1683 1987 1760 fuisset,
2015 1687 2091 1748 ut
2118 1702 2190 1748 se
2206 1683 2232 1722 ²
2260 1683 2460 1748 armis
2495 1683 2775 1748 invicem
2815 1686 3161 1749 cruentare
3197 1698 3267 1751 ιο

696 1783 1070 1862 voluissent,
1091 1781 1391 1848 homines
1414 1783 1534 1848 loci
1554 1781 1740 1860 illius,
1763 1801 2092 1847 memores
2112 1782 2650 1865 praemonitionis
2671 1783 2882 1847 sancti
2902 1782 3165 1861 Florini,

696 1882 1066 1967 sepulcrum
1076 1883 1216 1947 eius
1234 1881 1634 1965 litigantibus
1654 1881 2306 1959 ostenderunt.Quod
2323 1880 2409 1946 illi
2425 1882 2798 1964 aperientes
2811 1882 2840 1921 ⁸
2861 1885 2928 1946 et
2938 1902 3166 1947 arcam

654 2018 657 2021 ·
695 1981 873 2047 illam
912 1981 1314 2065 superiorem
1355 1985 1712 2059 cernentes,
1741 1980 1946 2063 gavisi
1985 1984 2139 2046 sunt
2180 1980 2418 2063 gaudio
2458 2000 2716 2063 magno,
2747 1984 2814 2045 et
2853 1984 3166 2064 putantes

694 2079 765 2146 in
791 2100 873 2146 ea
911 2080 1120 2147 sancti
1153 2080 1271 2145 viri
1314 2099 1551 2163 corpus
1593 2078 1978 2145 collocatum
2021 2079 2239 2157 fuisse,
2268 2079 2490 2144 levant
2535 2099 2686 2144 eam
2727 2099 2877 2145 cum
2918 2080 3166 2162 ingenti

694 2178 944 2246 laetitia
970 2183 1036 2244 et
1064 2184 1336 2245 ovantes
1364 2179 1640 2244 redeunt
1658 2179 1728 2243 in
1750 2198 1890 2244 sua.
1914 2178 2102 2244 Beati
2129 2197 2284 2261 ergo
2313 2178 2554 2243 Florini
2582 2197 2818 2261 corpus
2839 2179 2907 2243 in
2927 2179 3163 2245 eodem
3199 2193 3270 2243 ω

698 2279 837 2345 loco
876 2282 1303 2352 remanserat,
1323 2278 1393 2343 in
1422 2296 1552 2362 quo
1579 2278 1911 2361 sepultum
1947 2278 2177 2355 fuerat,
2208 2278 2373 2342 sicut
2403 2278 2514 2343 et
2497 2297 2638 2360 ipse
2667 2282 2863 2343 antea
2880 2279 2909 2316 ⁴
2945 2278 3167 2362 dispo—

696 2381 937 2444 suerat.
962 2377 1337 2443 Transactis
1377 2381 1601 2442 autem
1641 2376 1861 2442 multis
1898 2377 2106 2453 annis,
2135 2377 2505 2459 sepulcrum
2548 2377 2757 2442 sancti
2798 2376 3037 2443 Plotini
3074 2378 3165 2444 ab

693 2477 917 2544 incolis
940 2477 1063 2542 loci
1092 2475 1260 2541 illius
1289 2476 1547 2559 penitus
1575 2476 1858 2541 traditur
1885 2475 2212 2541 oblivioni.

782 2582 857 2642 9.
899 2575 1032 2642 Sed
1059 2594 1209 2641 cum
1237 2575 1412 2641 Deus
1439 2576 1854 2658 omnipotens
1881 2573 2006 2640 hoc
2033 2575 2278 2641 diutius
2305 2574 2511 2640 latere
2539 2574 2871 2653 noluisset,
2900 2576 3164 2643 cuidam

693 2676 1078 2761 presbytero
1098 2674 1412 2758 religioso,
1422 2674 1683 2740 nomine
1694 2659 2070 2753 Saturnino,
2081 2673 2377 2740 eiusdem
2401 2673 2713 2740 ecclesiae
2735 2677 3165 2758 procuratori,
3199 2696 3273 2749 ιο

694 2776 929 2841 beatus
949 2774 1243 2840 Florinus
1270 2794 1393 2858 per
1418 2774 1734 2840 visionem
1762 2775 2088 2857 apparuit,
2108 2773 2455 2855 locumque
2484 2774 2859 2857 sepulturae
2889 2795 3051 2842 suae
3073 2776 3166 2842 illi

692 2874 1043 2941 ostendens
1065 2874 1396 2957 praecepit
1420 2872 1477 2938 ei
1507 2878 1579 2937 ut
1599 2892 1835 2955 corpus
1858 2892 2050 2938 suum
2078 2872 2229 2937 inde
2251 2872 2508 2938 tolleret
2536 2876 2601 2938 et
2624 2873 2690 2937 in
2717 2874 2991 2941 ecclesia
3010 2878 3165 2958 post

693 2974 901 3039 altare
920 2973 1127 3038 sancti
1148 2972 1324 3038 Petri
1342 2976 1708 3055 reponeret.
1726 2971 2027 3055 Cumque
2045 2973 2066 3010 ¹
2086 2990 2243 3037 vero
2265 2971 2442 3036 idem
2463 2972 2807 3054 presbyter
2826 2973 2952 3038 hoc
2969 2994 3168 3058 prae-

694 3076 959 3156 ceptum
982 3072 1369 3155 neglegeret,
1396 3071 1702 3155 apparuit
1729 3072 1789 3138 ei
1819 3075 2084 3137 sanctus
2113 3070 2408 3135 Florinus
2450 3071 2758 3145 secundo,
2786 3072 3167 3140 terribiliter

693 3171 884 3238 eum⁸
920 3171 1291 3253 corripiens,
1334 3189 1449 3235 cur
1490 3171 1668 3236 iussa
1708 3189 1830 3235 sua
1870 3169 2395 3253 parvipenderet,
2423 3170 2816 3253 promittens
2859 3173 3167 3254 quoque⁸
3203 3192 3277 3243 ιι

644 3351 647 3354 ,
692 3270 816 3337 sibi
855 3270 1169 3353 praemia,
1209 3270 1265 3334 si
1308 3269 1542 3336 eadem
1583 3269 1958 3352 compleret.
1999 3268 2133 3334 Sed
2178 3288 2328 3334 cum
2385 3267 2776 3335 Saturninus
2816 3270 3167 3353 presbyter

693 3369 1017 3436 secundae
1072 3368 1339 3434 iussioni
1387 3367 1604 3434 adhuc
1657 3361 2080 3433 inoboediens
2136 3368 2500 3459 exsisteret,
2551 3372 2816 3434 sanctus
2866 3368 3166 3437 Florinus

693 3468 885 3534 tertio
912 3468 999 3532 illi
1027 3459 1342 3551 apparuit
1378 3486 1658 3552 eumque
1686 3487 1807 3550 pro
1837 3486 1916 3532 eo
1958 3466 2133 3550 quod
2163 3467 2302 3533 eius
2338 3467 2656 3532 mandata
2683 3487 2816 3533 non
2842 3468 3161 3552 implevit,

694 3568 941 3633 duriter
983 3567 1359 3650 increpavit,
1389 3571 1588 3650 atque
1626 3566 1714 3631 illi
1739 3585 1944 3631 manu
1983 3585 2104 3631 sua
2132 3566 2394 3648 alapam
2440 3566 2638 3644 dedit,
2669 3586 2800 3649 qua
2829 3570 2895 3632 et
2924 3567 3166 3636 faciem

694 3685 885 3734 suam
930 3666 1318 3749 oculumque
1372 3665 1574 3748 ipsius
1630 3668 1996 3730 tumentem
2049 3664 2360 3730 reddidit.
2409 3663 2566 3729 Post
2620 3666 2902 3743 tertiam,
2937 3667 3166 3751 itaque
3207 3685 3284 3740 so

694 3766 1012 3832 visionem
1047 3784 1166 3830 seu
1189 3765 1542 3829 iussionem
1584 3763 1989 3846 stupefactus
2018 3762 2410 3828 Saturninus
2448 3765 2752 3829 sacerdos
2780 3768 3167 3834 convocavit

694 3866 938 3931 vicinos
978 3867 1046 3929 et
1085 3864 1593 3946 praestantiores
1636 3863 1788 3946 pagi
1828 3863 2014 3939 illius,
2042 3882 2450 3946 narransque
2498 3862 2620 3928 illis
2646 3864 2954 3930 universa
2985 3885 3164 3949 quae

695 3963 948 4031 viderat
975 3967 1043 4029 et
1071 3964 1386 4039 audierat,
1406 3962 1692 4029 ostendit
1721 3963 1814 4027 eis
1829 3964 1856 3999 ⁴
1884 3962 2117 4027 faciem
2137 3962 2531 4046 oculumque
2553 3967 2938 4029 tumentem.
2959 3966 3050 4030 At
3071 3966 3166 4032 illi

696 4063 913 4148 sagaci
947 4063 1209 4128 consilio
1237 4063 1320 4128 de
1348 4063 1470 4128 hac
1499 4081 1699 4128 causa
1729 4065 2108 4137 tractantes„
2139 4061 2520 4127 triduanum
2561 4062 2807 4145 pariter
2836 4063 3170 4130 duxerunt

694 4163 1024 4241 ieiunium,
1053 4162 1490 4245 supplicantes
1519 4161 1777 4227 divinae
1820 4160 2221 4238 clementiae,
2260 4165 2352 4235 ut,
2398 4163 2451 4226 si
2480 4162 2643 4227 haec
2671 4161 2832 4226 visio
2861 4182 2903 4227 a
2931 4170 3167 4232 sancto
3212 4181 3296 4234 3ο

698 4262 877 4328 viro⁵
904 4262 1071 4327 foret
1098 4280 1186 4326 an
1213 4281 1293 4326 ex
1323 4261 1670 4326 fantastica
1696 4260 2010 4336 illusione,
2040 4260 2402 4326 evidentius
2432 4261 2808 4343 dignaretur
2849 4263 3171 4331 revelare.

700 4361 1014 4445 Cumque,
1031 4359 1346 4425 triduanis
1368 4360 1622 4425 letaniis
1644 4359 2027 4438 terminatiS,
2046 4360 2385 4425 ecclesiam
2405 4361 2780 4425 introissent
2799 4379 3170 4446 omnesque

698 4460 987 4526 unanimi
1032 4459 1375 4524 devotione
1421 4458 1659 4524 ibidem
1706 4459 2029 4542 vigilando
2077 4465 2142 4524 et
2186 4461 2435 4524 orando
2479 4466 2956 4542 pernoctarent,
2987 4463 3175 4531 solus

699 4559 1088 4630 Saturninus
1142 4559 1464 4636 sacerdOS,
1522 4559 1755 4623 ceteris
1810 4559 2241 4641 vigilantibus,
2299 4560 2513 4624 subito
2570 4560 2983 4626 obdormivit.
3043 4561 3178 4630 Cui

767 4809 833 4862 ¹⁷.
866 4835 925 4845 —
947 4807 967 4841 ¹
985 4821 1293 4860 convenere
1313 4807 1380 4860 0.
1402 4833 1471 4844 -
1493 4805 1517 4840 ⁸
1534 4805 1701 4859 etiam
1730 4807 1798 4860 G.

769 4890 834 4945 8.
863 4919 930 4932 —
950 4890 969 4924 ²
987 4888 1065 4956 (in
1088 4892 1161 4953 u.)
1184 4893 1485 4957 mutuoque
1512 4890 1578 4943 G.
1598 4916 1667 4928 -
1688 4888 1712 4922 ²
1734 4905 1837 4943 om.
1860 4887 1937 4942 M.
1959 4919 2027 4929 —
2049 4888 2374 4944 ⁸cernentes
2395 4891 2461 4943 G.
2485 4918 2548 4928 —
2571 4891 2594 4924 ⁴
2616 4895 2743 4944 ante
2768 4891 2843 4944 Π.

769 4973 834 5027 9.
864 5002 927 5013 -
954 4973 1102 5040 ¹que
1138 4987 1243 5026 om.
1266 4973 1425 5026 ffl-
1460 4970 1747 5026 ¹illumG.
1778 4970 2010 5026 —⁸om.
2054 4973 2120 5026 G.
2142 5003 2208 5014 -
2241 4971 2387 5026 ‘inis
2413 4974 2479 5028 G.
2514 4973 2621 5010 —5
2643 4989 2750 5028 om.
2785 4973 2864 5028 M.
