3487 5450
1240 620 1593 674 arrsnmx
1636 619 1788 673 m.
2607 600 2740 674 191

258 836 1644 931 prologumvitammeuamm
1694 856 2027 931 episcopt,
2072 856 2738 918 cutmtestumest

994 955 2041 1019 XVIIFRalondasootobris.

365 1099 581 1166 Fratri
606 1100 1021 1167 dilectissimo
1044 1101 1154 1167 et
1135 1122 1206 1166 1n
1230 1101 1598 1167 divinarum
1617 1100 2087 1184 scripturarum
2110 1098 2674 1184 [interpretatione
2691 1102 2742 1184 ¹]

282 1200 662 1266 acutissimo
688 1200 919 1266 abbati
954 1200 1346 1266 willihelmo
1379 1199 1623 1266 vermis
1663 1203 1732 1265 et
1759 1218 1894 1265 non
1929 1199 2129 1264 homo
2164 1199 2744 1283 Eberesbergensis

213 1313 246 1364 ὅ
283 1298 563 1365 Wilram
590 1299 679 1365 ad
706 1300 930 1365 omnia
967 1299 1253 1366 fraterne
1297 1298 1599 1365 iussionis
1637 1298 1865 1365 munia
1910 1297 2407 1364 libentissimam
2448 1299 2752 1365 coniven-

281 1399 474 1464 ciam.
488 1397 658 1479 Scio,
681 1398 884 1465 frater
904 1403 970 1465 et
991 1399 1405 1465 dilectissime
1424 1398 1705 1478 domine,
1727 1398 1882 1481 quia
1904 1397 2300 1480 sapienciam
2319 1401 2525 1477 tuam,
2548 1417 2750 1482 quam

281 1500 354 1566 in
372 1500 609 1566 divinis
627 1501 926 1567 melodiis
946 1505 1014 1567 et
1034 1501 1729 1586 computi²subtilitate
1751 1500 1890 1566 sine
1911 1499 2176 1565 ficcione
2188 1498 2484 1580 didicisti,
2494 1502 2746 1585 absque

280 1599 652 1665 invidencia
672 1600 1115 1667 communicas
1144 1604 1211 1666 et
1229 1600 1398 1680 ideo,
1424 1605 1499 1666 ut
1524 1600 1891 1685 sapientem
1926 1599 2131 1678 decet,
2154 1599 2316 1665 alios
2340 1599 2407 1664 in
2427 1620 2544 1666 sue
2588 1602 2749 1666 artis

280 1699 689 1783 professione
714 1699 837 1765 tibi
858 1719 991 1766 non
1017 1700 1304 1783 impares
1331 1699 1683 1765 existimas,
1703 1698 1894 1764 Unde
1921 1701 1988 1764 et
2010 1718 2053 1764 a
2071 1716 2179 1763 me
2205 1698 2447 1782 ydiota,
2470 1699 2581 1783 qui
2602 1703 2753 1765 tan-

189 1807 247 1857 ιο
283 1801 430 1865 tum
460 1818 652 1864 casus
683 1802 751 1864 et
786 1803 1090 1882 tempora
1115 1799 1186 1864 in
1212 1798 1441 1864 divinis
1467 1798 1648 1864 libris
1672 1816 1795 1882 pro
1821 1797 2098 1863 utilitate
2125 1797 2484 1881 legencium
2511 1799 2745 1866 studeo

282 1897 662 1977 emendare,
703 1899 893 1981 quasi
921 1917 964 1963 a
990 1898 1364 1964 doctissimo
1390 1898 1605 1963 scriba
1629 1897 1730 1962 vis
1759 1897 2129 1981 impetrare,
2156 1900 2233 1963 ut
2270 1897 2500 1963 nenias
2540 1917 2746 1979 meaS,

283 1997 489 2081 quas⁸
509 1997 579 2062 in
606 1996 877 2063 Cantica
904 1997 1306 2063 cantieorum
1322 1996 1466 2076 lusi,
1496 1995 1880 2062 emendatas
1903 1995 2184 2061 debeam
2203 1997 2666 2076 transmittere,
2681 2003 2750 2064 et

282 2097 506 2161 Vitam
554 2095 764 2161 sancti
790 2094 1037 2161 Aurelii
1084 2116 1127 2162 a
1152 2095 1390 2161 finibus
1417 2099 1592 2161 terre
1618 2094 1967 2177 caliginosa
1992 2093 2171 2159 fama
2199 2098 2645 2178 compertam⁴
2673 2102 2744 2163 et

281 2194 676 2279 parvissimo
717 2194 1120 2279 breviloquio
1158 2195 1700 2277 comprehensam
1726 2194 1796 2258 in
1838 2194 2107 2259 modum
2134 2193 2330 2259 libelli
2369 2195 2751 2262 extendere.

188 2308 250 2358 te
283 2294 587 2379 Sapienti
622 2294 888 2378 quidem
926 2293 1235 2377 possibile
1267 2292 1479 2359 iudico
1506 2292 1747 2359 multas
1787 2293 2100 2376 ambages
2127 2293 2478 2359 verborum
2504 2295 2753 2377 produ-

283 2414 453 2473 cere,
490 2393 695 2459 veluti
728 2392 815 2459 de
849 2392 1238 2476 parvissimo
1274 2392 1528 2476 argenti
1564 2391 1669 2457 vel
1704 2392 1847 2457 auri
1883 2392 2173 2475 pondere
2206 2392 2434 2476 longas
2473 2397 2540 2458 et
2579 2393 2748 2459 latas

280 2493 634 2559 lamminas
651 2492 892 2558 cudere
908 2492 1199 2570 ;indocto
1216 2510 1372 2557 vero
1392 2511 1524 2557 non
1545 2490 1690 2557 dieo
1708 2491 1972 2557 omnino
1992 2491 2410 2574 impossibile,
2424 2493 2541 2558 sed
2557 2492 2747 2559 valde

282 2592 565 2658 difficile.
589 2590 725 2658 Sed
764 2591 943 2674 quod
987 2590 1387 2673 impossibile
1428 2594 1531 2656 est
1557 2591 1702 2669 arti,
1730 2590 2037 2674 possibile
2088 2594 2188 2655 est
2231 2592 2505 2656 caritati.
2537 2592 2756 2658 Preci-

282 2692 490 2777 pienti
510 2709 666 2775 ergo
683 2690 824 2770 tibi,
838 2710 1038 2776 quem
1057 2689 1428 2757 medullitus
1448 2689 1882 2774 dilig0,libens
1900 2690 2168 2774 pareb0,
2185 2693 2250 2756 et
2272 2690 2359 2756 ad
2379 2690 2747 2757 cudendam

185 2810 248 2862 ιο
281 2812 468 2858 sacre
488 2790 802 2862 historiae
839 2791 1207 2870 materiam,
1237 2809 1369 2856 non
1389 2791 1655 2874 quidem
1676 2791 1958 2870 doctam,
1988 2790 2105 2855 sed
2126 2794 2352 2856 tamen
2368 2796 2748 2875 promptam

281 2892 629 2958 dexteram
656 2890 1018 2974 scripturus
1044 2888 1434 2956 ad*hibebo.

349 3060 373 3094 ¹
389 3059 836 3129 εκρριωῡαιικ
850 3058 1071 3112 verbum
1092 3058 1504 3112 ειικακιαιειια
1515 3058 1708 3112 asma«.
1726 3084 1798 3098 -
1818 3056 1842 3092 ¹
1858 3056 2227 3125 ood.compti·.
2247 3057 2352 3097 -3
2369 3060 2482 3112 aaa.
2503 3059 2748 3126 quasi.-

279 3141 307 3175 ⁴
330 3143 445 3195 eod.
466 3143 775 3209 comptam.

346 3319 498 3374 Haec
530 3323 662 3374 sunt
692 3335 825 3387 ergo
846 3318 987 3374 Acta
1008 3335 1042 3373 a
1064 3318 1268 3373 celebri
1288 3319 1491 3374 abbate
1522 3316 1947 3386 Ebersbergeusi
1971 3318 2335 3374 Willirammo
2360 3320 2668 3388 composita
2690 3325 2749 3376 et

277 3417 581 3474 wilhelmo
601 3418 977 3493 Hirsaugiensi
999 3418 1185 3473 abbati
1205 3418 1528 3485 (lose-1091)
1557 3417 1753 3482 dicata,
1783 3418 1851 3472 de
1873 3417 2073 3486 quibus
2111 3418 2442 3474 meminerat
2473 3419 2748 3488 Papebro·

277 3517 434 3572 chius
455 3520 553 3583 (1).
585 3517 667 3571 De
688 3517 1061 3572 adulescentia
1092 3518 1283 3582 sancti,
1316 3516 1387 3571 de
1424 3533 1534 3586 qua
1558 3516 1717 3571 Vitae
1733 3516 1929 3586 prioris
1951 3521 2141 3571 auctor
2162 3517 2299 3571 nihil
2321 3532 2383 3571 se
2407 3519 2740 3587 comperisse

277 3615 481 3671 fatetur
500 3617 643 3685 (cap.
667 3617 736 3683 1),
782 3616 1057 3685 quaedam
1089 3616 1296 3692 profert
1325 3615 1737 3678 willirammus,
1768 3631 1910 3684 quae
1949 3616 2226 3684 ceteroqui
2265 3617 2334 3671 de
2368 3617 2615 3687 quolibet
2648 3619 2740 3688 pio
2811 3699 2816 3702 -

275 3714 477 3771 iuvene
496 3715 606 3771 dici
628 3719 900 3785 poterant.
922 3716 988 3770 In
1009 3715 1329 3771 universum
1349 3719 1533 3770 autem
1565 3715 1740 3770 multo
1784 3714 2046 3784 prolixior
2079 3720 2163 3770 est
2195 3715 2367 3785 ipsius
2403 3717 2662 3783 narratio,
2685 3723 2747 3774 ut

275 3831 396 3870 non
416 3831 618 3884 necare
640 3814 808 3869 velim
832 3814 1056 3870 Vitaml
1079 3830 1205 3869 eam
1226 3830 1363 3879 esse,
1391 3830 1560 3883 quam
1592 3813 1652 3870 in
1676 3814 1907 3869 modum
1930 3814 2095 3870 libelli
2126 3816 2439 3871 extendisse
2460 3833 2521 3871 se
2544 3816 2747 3873 fatetur

275 3914 450 3969 abhas
471 3914 929 3981 ebersbergensis
954 3915 1043 3980 (Ξ).
1064 3914 1224 3968 Certe
1245 3912 1303 3967 in
1324 3912 1528 3979 multis,
1552 3913 1654 3968 etsi
1688 3913 1885 3968 nonin
1908 3913 2181 3978 omnibus,
2204 3915 2348 3969 bene
2364 3917 2509 3970 inter
2530 3932 2592 3971 se
2615 3932 2747 3971 con·

275 4013 508 4068 veniunt
521 4013 635 4068 duo
660 4013 939 4081 opuscula.
974 4012 1082 4066 Sed
1100 4012 1206 4066 hac
1228 4011 1298 4066 de
1312 4027 1373 4066 re
1395 4011 1544 4066 alias.
2355 4006 2360 4011 ’

346 4113 440 4168 ΠΙ.
469 4111 820 4167 Willirammi
863 4111 1192 4181 opusculum
1232 4110 1365 4179 legit
1406 4109 1741 4166 Trithemius
1787 4114 1844 4166 et
1881 4115 2226 4166 contractum
2269 4112 2574 4169 Annalibus
2617 4115 2732 4170 suis

275 4210 759 4281 flii-:augiensibus
778 4210 1008 4266 inseruit
1037 4211 1129 4275 (3).
1151 4209 1415 4278 Quamvis
1446 4213 1635 4264 autem
1665 4209 1873 4264 scribat
1906 4209 2070 4265 scita
2102 4215 2346 4266 veterem
2370 4212 2534 4267 huius
2565 4215 2744 4269 sancti

274 4309 563 4365 historiam
605 4308 957 4379 percurrisse,
995 4312 1060 4363 ut
1096 4307 1393 4363 verborum
1420 4307 1644 4377 quidem
1682 4308 1996 4377 plurimum,
2034 4309 2426 4365 sententiarum
2468 4327 2600 4368 vero
2645 4319 2741 4370 aut

273 4407 417 4462 nihil
434 4412 533 4463 aut
561 4422 762 4476 parum
791 4406 1114 4460 immutaret
1145 4405 1234 4473 (4),
1265 4405 1541 4475 quaedam
1573 4409 1764 4461 tamen
1795 4405 2014 4462 incaute
2054 4407 2305 4475 mutavit,
2330 4415 2394 4464 ut
2426 4427 2556 4465 cum
2588 4427 2640 4468 v.
2691 4429 2741 4482 g.

272 4507 561 4562 Aurelium
582 4507 644 4561 in
667 4505 965 4561 Germania
994 4508 1190 4559 natum
1203 4508 1549 4560 commentus
1572 4508 1673 4560 est.

342 4655 416 4720 (t)
447 4655 569 4709 Aa.
585 4653 699 4719 88..
719 4655 762 4707 t.
784 4668 849 4716 c..
866 4667 919 4720 p.
939 4650 1023 4708 41.
1061 4667 1215 4705 num.
1234 4651 1286 4706 9.
1307 4650 1668 4719 Papebrochii
1691 4651 1861 4707 verba
1877 4653 2024 4709 male
2047 4671 2107 4708 se
2138 4654 2475 4711 intellexisse
2500 4658 2743 4714 ostendit

272 4734 669 4801 Helmsdorrer,
689 4734 912 4804 quando
936 4734 1159 4788 scribit:
1184 4736 1209 4760 ⁸
1236 4733 1333 4787 Die
1359 4738 1480 4787 Ace.
1504 4734 1601 4788 SS.
1630 4734 1900 4802 sprechen
1918 4751 2029 4790 von
2053 4736 2208 4792 Viten
2232 4738 2330 4792 des
2356 4739 2412 4792 h.
2435 4740 2605 4794 Aurei
2633 4757 2741 4795 von
2815 4797 2816 4800 ,

281 4858 307 4884 ‚
341 4815 613 4872 william
644 4832 760 4871 von
792 4815 1100 4883 Ebersberg
1131 4815 1244 4870 und
1283 4814 1545 4869 Wilhelm
1578 4830 1689 4870 von
1729 4815 2003 4872 Hirschau
2030 4858 2075 4883 ,.
2103 4848 2167 4857 —
2199 4820 2272 4882 (2)
2309 4820 2431 4874 Non
2466 4828 2653 4877 tamen
2676 4840 2743 4876 ea

274 4898 384 4954 dici
407 4903 593 4969 potest
616 4901 950 4967 parvissimo
978 4899 1306 4966 breviloquio
1336 4898 1732 4966 oon-prehensa,
1767 4899 1977 4953 etiamsi
2012 4915 2139 4956 cum
2174 4902 2520 4957 Willirammi
2556 4904 2742 4958 libello

275 4986 641 5052 sompnum.
656 4980 819 5050 -(3)
850 4980 1097 5035 Annales
1116 4980 1541 5048 Hermum
1558 4980 1747 5047 (1690),
1769 4985 1808 5035 t.
1829 4979 1870 5047 1,
1891 4997 1944 5050 p.
1966 4982 2098 5038 ⁷40.
2126 5013 2182 5022 -
2203 4983 2277 5051 (4)
2313 4986 2469 5050 leid„
2489 5002 2539 5054 p.
2556 4987 2610 5040 8.

2862 862 3007 918 *ἴοι
3037 862 3123 918 aez

2869 2911 2897 2941 ⁸
2916 2909 3006 2966 tol.
3021 2911 3133 2967 83¹¹.
