3487 5450
1079 568 1522 622 mammam
1572 560 1987 622 AusTmACO.
2666 546 2759 622 27

302 761 552 822 tantum
583 764 697 822 aut
736 758 1098 822 decurtatus
1140 758 1374 842 excepit
1381 779 1410 838 ,·
1445 759 1536 822 sic
1573 777 1767 843 neque
1809 757 2021 822 Vitam
2071 757 2398 822 Bardonis
2442 759 2764 840 maiorem,

302 876 495 941 neque
534 856 746 922 Vitam
785 856 1079 942 Greqorii
1107 854 1495 922 Porcetensis
1513 858 1797 940 priorem
1819 859 2096 941 inteqras
2121 856 2469 941 descripsit,
2492 877 2763 942 quarum

305 962 512 1020 tamen
541 963 737 1020 totum
766 963 1002 1020 textum
1027 954 1251 1020 habere
1279 954 1455 1021 nobis
1481 957 1729 1033 sanein
1751 957 1910 1021 votis
1928 963 2087 1021 erat.

397 1105 650 1169 Codices
676 1104 1063 1190 Leqendarii
1088 1106 1446 1189 superstites
1466 1106 1596 1170 iam
1617 1105 1976 1170 distinctius
2006 1107 2393 1187 recensituri,
2411 1107 2664 1190 qratias
2693 1126 2767 1169 ex

304 1205 519 1269 animo
542 1205 893 1288 referamus
928 1211 1165 1289 oportet
1206 1205 1362 1269 viris
1404 1206 1682 1290 eqreyiis,
1715 1207 2214 1285 humanissimis,
2246 1226 2515 1291 quorum
2542 1204 2771 1271 libera-

305 1304 481 1367 litate
502 1303 748 1385 factum
770 1312 857 1368 est
884 1310 955 1367 ut
971 1306 1258 1388 pretiosa
1303 1305 1626 1368 volumina
1656 1304 2002 1368 Bruxellas
2031 1304 2429 1392 missa-domi
2456 1304 2773 1369 commode

304 1402 587 1484 evolvere,
615 1405 911 1467 attentius
937 1405 1305 1468 examinare
1338 1411 1393 1468 et
1439 1404 1600 1467 inter
1635 1423 1699 1468 se
1738 1403 2022 1485 conferre
2049 1423 2394 1487 possemus.
2430 1402 2581 1468 Nisi
2606 1405 2770 1467 enim

301 1503 539 1586 insi-qni
579 1503 694 1566 illa
738 1501 1150 1567 benevolentia
1194 1502 1262 1566 id
1303 1502 1616 1568 adiutorii
1643 1505 2135 1587 accepisssemus,
2175 1511 2244 1566 ut
2273 1505 2378 1567 vix
2404 1524 2532 1568 non
2555 1504 2772 1567 omnia

306 1601 498 1665 simul
510 1602 898 1685 exemplaria
919 1602 1186 1686 inqentis
1200 1601 1583 1686 Leyendarii
1606 1604 1674 1665 in
1699 1601 2056 1667 bibliotheca
2080 1609 2294 1666 nostra
2312 1605 2497 1688 quas-i
2514 1601 2627 1665 sub
2647 1623 2773 1666 uno

305 1708 629 1784 conspectu
649 1700 1036 1782 haberemus,
1065 1722 1224 1787 quae
1243 1701 1318 1765 de
1346 1700 1445 1765 his
1480 1701 1794 1766 codicibus
1819 1723 1960 1766 cum
1990 1702 2319 1766 lectoribus
2347 1703 2585 1766 nostris
2603 1722 2772 1766 com-

304 1799 696 1864 municanda
719 1821 845 1864 non
874 1802 1095 1886 exiquo
1117 1802 1328 1886 utique
1348 1798 1559 1865 labore
1575 1802 1974 1885 paravimus,
1996 1822 2067 1864 ea
2097 1801 2293 1865 multo
2323 1803 2562 1866 maiore
2581 1821 2771 1885 opera

305 1898 414 1961 vix
441 1918 517 1961 ac
545 1918 620 1961 ne
641 1899 747 1961 vix
775 1897 1022 1983 quidem
1050 1898 1464 1961 valuissemus
1479 1898 1799 1981 perficere.

394 1996 746 2080 Supersunt
772 2016 973 2081 porro
1003 1996 1238 2061 codices
1266 1998 1519 2060 omnino
1550 1998 1773 2082 viqinti
1813 2004 1868 2060 et
1901 2018 2103 2079 unus,·
2119 1999 2441 2082 pertinent
2472 2004 2681 2061 autem
2707 1996 2776 2060 hi

310 2095 401 2159 ad
426 2097 812 2180 exemplaria
837 2094 1222 2180 Leyendarii
1250 2095 1502 2160 diversa
1543 2116 1671 2176 sex,
1712 2116 1790 2160 ex
1817 2095 2041 2181 quibus
2068 2096 2320 2160 nullum
2348 2103 2666 2161 servatum
2686 2103 2773 2160 est

313 2195 648 2280 inteqrum.

1017 2414 1075 2470 1.
1124 2412 1514 2483 Exemplar
1556 2414 2064 2473 Saum-ucenae.

391 2618 699 2683 Servatur
726 2619 797 2681 in
819 2616 1068 2682 abbatia
1101 2617 1372 2683 Sanctae
1409 2616 1634 2682 Crucis
1659 2615 1816 2682 ord.
1850 2617 2001 2683 Cist.
2026 2616 2561 2700 (Heiligenkreuz‚
2578 2637 2775 2703 prope

308 2714 530 2781 Baden
574 2718 643 2781 in
686 2716 988 2800 inferiore
1012 2716 1327 2800 Austria),
1356 2722 1714 2800 constatque
1751 2713 2173 2779 voluminibus
2199 2721 2501 2800 quattuor
2523 2715 2775 2798 formae

305 2835 595 2900 maynae,
623 2837 782 2902 quae
809 2836 941 2880 una
965 2836 1183 2899 manu,
1209 2816 1465 2899 paqinis
1492 2814 1829 2899 bipartitis,
1855 2814 2001 2879 belle
2026 2820 2296 2879 exarata
2327 2822 2474 2879 sunt
2500 2822 2772 2880 extremo

303 2916 552 2980 saeculo
608 2914 766 2980 XII
790 2915 902 3000 (1).
958 2914 1144 2980 Deest
1195 2914 1476 2979 volumen
1522 2934 1739 2997 unum,
1781 2915 1853 2977 in
1894 2933 2014 2999 quo
2053 2913 2536 2978 continebantur
2599 2913 2775 2978 Vitae

304 3022 672 3079 sanctorum
694 3036 735 3079 a
757 3015 860 3078 die
879 3015 919 3078 1
942 3014 1204 3078 octobris
1226 3013 1315 3078 ad
1356 3013 1422 3078 d.
1447 3015 1528 3078 21
1552 3011 1923 3079 novembris.
1954 3014 2326 3098 Superstites
2357 3013 2449 3098 (2)
2491 3019 2560 3077 ut
2599 3012 2775 3077 nobis

304 3113 874 3197 commodarentur,
902 3112 1158 3198 benique
1184 3112 1541 3177 concedente
1573 3112 1932 3197 perillustri
1959 3111 2209 3177 Domno
2237 3110 2474 3177 Abbate
2501 3110 2795 3177 Sanctae-

307 3211 549 3294 Grucis,
578 3215 825 3276 curavit
864 3213 965 3276 vir
991 3211 1366 3277 reverendus
1393 3219 1448 3276 et
1473 3210 1976 3277 humanissimus
2018 3211 2142 3277 Dr.
2188 3210 2534 3296 G-reyorius
2584 3210 2772 3293 Pock,

304 3310 596 3376 abbatiae
616 3311 1139 3376 bibliothecarius.

390 3411 525 3475 11¹¹
556 3442 634 3463 =
666 3410 857 3474 codex
885 3411 1178 3494 siynatus
1224 3410 1325 3490 11,
1354 3409 1504 3473 olim
1548 3428 1689 3474 vero
1732 3408 1864 3473 VH.
1893 3409 1973 3474 A.
2014 3409 2075 3474 9..
2119 3409 2195 3488 1.‚
2237 3409 2503 3473 continet
2543 3428 2776 3474 menses

302 3509 703 3591 ianuarium,
722 3508 1139 3591 februarium,
1168 3509 1497 3572 martium.
1535 3509 1796 3572 Constat
1818 3507 1996 3589 foliis
2015 3508 2143 3570 273
2163 3508 2417 3590 (ov-,445
2453 3525 2504 3575 ><
2538 3508 2771 3590 0,310).

308 3606 646 3672 Praeterea
665 3607 790 3672 duo
813 3610 880 3671 in
909 3608 1093 3673 initio
1129 3613 1376 3671 exstant
1412 3607 1587 3672 nullo
1630 3627 1890 3671 numero
1925 3613 2163 3688 notata,
2195 3608 2262 3670 in
2286 3606 2508 3692 quibus
2543 3606 2775 3670 descri-

302 3713 484 3791 ptum
527 3713 614 3772 est
654 3706 1103 3781 kalendarium
1152 3707 1460 3770 mensium
1509 3707 1672 3788 ian.,
1696 3705 1854 3788 febr.
1905 3712 1960 3771 et
2000 3713 2213 3789 mart„
2242 3706 2408 3792 quod
2436 3713 2524 3770 est
2566 3707 2775 3771 instar

301 3805 536 3870 indicis
578 3805 875 3870 Vitarum
904 3808 972 3869 in
1000 3805 1311 3870 volumine
1352 3804 1835 3890 descriptarum.
1887 3804 2171 3871 Ornatus
2193 3813 2303 3882 fest
2332 3805 2523 3870 codex
2550 3805 2776 3870 litteris

303 3904 657 3970 initialibus
704 3912 759 3969 et
798 3903 1026 3990 fiquris
1066 3904 1490 3988 pulcherrime
1536 3903 1796 3988 depictis
1844 3905 1968 3988 (3);
2020 3904 2129 3969 sed
2171 3912 2227 3969 et
2275 3906 2343 3969 in
2381 3903 2776 3989 maryinibns

305 4003 667 4090 adscriptae
695 3999 844 4068 sunt
883 4025 1040 4069 saec.
1093 4002 1285 4068 XIII
1322 4010 1502 4068 notae
1543 4006 1668 4067 sive
1705 4004 1953 4088 qlossae
2002 4002 2144 4068 bene
2192 4004 2446 4080 multae,
2500 4024 2772 4089 quarum

307 4109 520 4168 tamen
534 4103 871 4188 pleraeque
888 4104 1130 4168 nullius
1151 4105 1445 4167 momenti
1472 4111 1617 4167 sunt
1645 4103 1759 4187 (4).

391 4202 476 4268 In
520 4203 781 4288 reliquis
825 4210 1035 4267 autem
1078 4200 1492 4266 voluminibus
1542 4201 1787 4267 litterae
1835 4208 2100 4266 ornatae
2145 4209 2201 4265 et
2235 4203 2444 4286 pictae
2473 4202 2778 4286 imaqines

304 4302 500 4367 multo
520 4303 853 4386 pauciores
885 4308 1045 4381 sunt,
1094 4321 1313 4387 eaeque
1354 4302 1547 4366 etiam
1577 4303 1789 4366 minus
1810 4301 2117 4385 pulchrae
2128 4325 2156 4382 ,·
2179 4301 2372 4366 multo
2402 4303 2590 4366 etiam
2608 4321 2777 4386 pau-

301 4402 500 4466 ciores
538 4407 878 4465 occurrunt
904 4407 1088 4465 notae
1116 4400 1520 4485 niaryinales.

368 4601 445 4664 (1)
477 4598 769 4668 specimen
783 4598 1081 4666 scripturae
1096 4598 1285 4652 datum
1317 4603 1403 4652 est
1416 4612 1486 4652 ex
1505 4598 1693 4652 codice
1709 4598 1791 4662 12,
1805 4598 1898 4653 fol.
1920 4597 2104 4664 239,in
2128 4600 2273 4662 Ma„
2297 4597 2409 4652 Ser.
2435 4601 2471 4651 t.
2484 4596 2577 4663 XI,
2595 4597 2705 4653 tab.
2726 4597 2776 4662 3,

303 4682 377 4738 ad
399 4697 452 4751 p.
472 4680 586 4736 162.
600 4706 669 4720 -
689 4681 763 4749 (2)
781 4681 1111 4735 Summatim
1126 4680 1252 4735 illos
1275 4679 1562 4748 descripsit
1578 4680 1660 4734 vir
1674 4696 1786 4734 rev.
1801 4681 1892 4734 Dr.
1909 4680 2224 4735 Bmmarus
2242 4680 2418 4744 (ἔπη,
2442 4680 2772 4735 Sancrucen·

300 4765 382 4819 sis
398 4762 756 4828 archiva-im,
772 4762 915 4817 inter
946 4761 1116 4816 Κεῖαι
1146 4762 1500 4825 Bmmnnu.
1524 4766 1678 4830 parte
1702 4762 1770 4826 11.
1785 4762 2643 4830 Handsehriften·Vmeiclinisse
2672 4763 2772 4815 der

305 4846 948 4912 cistercien-sensurum
969 4846 992 4899 1
1013 4845 1203 4911 (1891),
1221 4860 1273 4914 p.
1301 4844 1499 4900 12432
1519 4845 1670 4912 —(3)
1686 4843 1976 4914 Specimen
1997 4844 2106 4899 vid.
2129 4845 2183 4898 in
2209 4844 2412 4908 MG.,1.
2428 4860 2540 4898 α-
2563 4845 2638 4911 (3)
2652 4842 2773 4897 vid.

306 4929 461 4995 HG„
484 4933 524 4984 t.
547 4943 611 4994 c„
628 4942 681 4997 p.
701 4928 787 4994 85,
809 4932 928 4983 not.
952 4929 987 4982 2
1001 4946 1018 4993 ς
1034 4929 1333 4982 Archivum
1351 4925 1564 4993 pertzii,
1586 4931 1626 4982 t.
1649 4925 1718 4994 X,
1739 4943 1796 4997 p.
1823 4927 1940 4995 646,
1960 4926 2192 4982 stetim
2211 4927 2367 4992 infra,
2386 4942 2439 4995 p.
2460 4926 2544 4992 48,
2563 4929 2679 4980 not.
