3487 5450
685 578 830 652 1622
1244 594 1334 647 m:
1387 594 1630 646 meso
1682 592 2125 645 LnGnNnAmo
2177 591 2593 644 AusrmACO.

674 808 832 854 nere
880 786 1283 862 ambulabat,
1334 789 1687 868 postquam
1738 802 1855 873 sex
1888 780 2195 865 completi
2245 786 2396 847 sunt
2447 803 2728 863 menseS,
2759 789 2825 849 et
2853 789 3160 852 sanctum

676 908 959 973 puerum
999 887 1068 952 in
1094 904 1324 950 umero
1364 883 1695 967 portabat,
1726 881 1961 947 accidit
2005 886 2077 946 ut
2118 882 2440 965 portatrix
2478 883 2800 965 quasdam
2840 885 3160 952 ruborum

678 1007 900 1054 moras
927 984 1264 1051 matutinis
1294 983 1578 1066 gustavit
1616 982 1813 1047 horis.
1844 979 2124 1046 Sanetus
2168 999 2323 1046 vero
2364 980 2597 1061 infans,
2641 987 2715 1047 ut
2746 983 2981 1065 ferunt,
3009 1004 3161 1052 nec-

678 1086 838 1152 dum
856 1088 878 1126 ¹
906 1090 1166 1167 tempus
1208 1082 1461 1147 habens
1490 1080 1819 1164 loquendi,
1850 1079 2069 1146 sobrio
2099 1098 2399 1145 sermone
2429 1100 2580 1145 eam
2618 1079 2980 1165 increpavit
3009 1103 3164 1149 con-

609 1184 612 1187 ’
676 1205 910 1271 gruatn
948 1182 1369 1268 praevenisse
1396 1181 1651 1246 horam.
1681 1180 1829 1246 Alio
1872 1199 2138 1263 quoque
2169 1180 2467 1262 tempore
2495 1180 2671 1245 idem
2699 1187 2966 1249 sanctus
2992 1203 3162 1267 puer
3191 1201 3223 1251 ι

679 1286 919 1351 missus
965 1303 1008 1349 a
1048 1286 1242 1366 patre
1285 1280 1603 1345 cacabum
1651 1283 1926 1363 portans
1976 1278 2063 1344 ad
2116 1279 2462 1358 civitatem,
2513 1280 2695 1347 cuius
2746 1285 2999 1364 postea,
3021 1282 3162 1349 Deo

680 1383 1438 1467 donante,principatum
1461 1380 1688 1456 tenuit,
1699 1379 2100 1462 pauperibus
2126 1379 2368 1444 veroin
2390 1380 2497 1445 via
2518 1382 2959 1464 poscentibus,
2975 1402 3164 1450 caca-

679 1486 841 1551 bum
869 1482 1203 1566 confregit,
1225 1480 1585 1563 aequaliter
1627 1477 1975 1562 unicuique
2007 1482 2266 1561 partem
2294 1479 2708 1545 distribuens.
2737 1480 3163 1565 Praepositus

680 1588 905 1650 autem
947 1582 1256 1648 ecclesiae
1298 1584 1498 1664 atque
1540 1583 1731 1662 pater
1778 1577 1964 1660 pueri
2017 1578 2230 1643 saevis
2272 1577 2685 1661 increpantes
2729 1599 2881 1646 eum
2921 1582 3164 1662 verbiS,

681 1684 825 1768 ipse
846 1701 884 1748 e
906 1681 1233 1759 contrario
1260 1679 1620 1744 mitissimis
1648 1677 2054 1760 respondens
2080 1677 2730 1744 sermocinationibus
2743 1679 2789 1758 ²,
2811 1680 2943 1745 tale
2964 1680 3167 1747 fuisse
3200 1692 3268 1746 ιο

684 1781 1029 1848 confitetur
1048 1798 1167 1844 vas
1195 1777 1262 1842 in
1294 1776 1604 1842 ecclesiae
1633 1775 1916 1852 therma,
1942 1794 1983 1840 a
2003 1794 2135 1858 qua
2156 1775 2336 1857 prius
2359 1774 2570 1840 fuerat
2590 1780 2949 1859 portatum.
2969 1776 3169 1857 Quod

680 1880 776 1945 ita
824 1880 1068 1945 factum
1110 1881 1229 1954 est,
1260 1879 1332 1940 ut
1361 1879 1628 1941 sanctus
1656 1894 1824 1957 puer
1864 1874 2211 1956 praedixit.
2243 1873 2414 1939 Nam
2441 1874 2510 1938 in
2538 1876 2773 1940 eodem
2801 1876 2944 1943 loco
2987 1881 3054 1944 et
3096 1878 3169 1943 in

684 1979 919 2045 eodem
945 1977 1177 2043 habitu
1199 1979 1538 2058 repertum
1567 1978 1667 2038 est
1694 1973 2108 2056 praedictum
2137 1993 2253 2038 vas
2303 1993 2601 2039 aeneum.
2631 1974 2924 2041 Deinde⁸
2951 1976 3170 2042 erudi-

686 2081 796 2143 tus
826 2082 927 2143 est
961 2075 1192 2143 litteris
1224 2073 1457 2139 divinis
1490 2078 1553 2138 et
1585 2073 1772 2138 iuxta
1798 2076 2225 2156 praeceptum
2254 2071 2515 2138 Domini
2540 2073 2608 2138 in
2641 2073 2911 2141 ecclesia
2942 2077 3169 2143 omnia

684 2178 795 2262 pie
823 2180 889 2243 et.
916 2175 1194 2241 fideliter
1235 2178 1457 2256 agens,
1501 2171 1867 2238 senioribus
1909 2192 1982 2237 se
2027 2171 2355 2237 humiliter
2394 2172 2686 2239 subdens
2728 2178 2932 2258 atque
2972 2175 3168 2243 cum⁴
3203 2190 3271 2242 ω

688 2276 936 2343 cunctis
963 2275 1153 2340 docte
1180 2272 1544 2356 proficiens,
1562 2276 1627 2336 et
1651 2275 1899 2354 quanto
1927 2271 2328 2354 proficiebat,
2352 2274 2539 2336 tanto
2568 2291 2640 2337 se
2667 2271 3076 2353 humiliabat,
3100 2276 3169 2340 et

691 2376 784 2441 sic
804 2375 1026 2441 omnia
1053 2373 1171 2438 Dei
1206 2370 1522 2437 mandata
1552 2370 1921 2455 complevit.
1951 2370 2097 2434 Alio
2130 2389 2390 2453 quoque
2418 2375 2713 2454 tempore
2743 2372 3073 2439 humiliter
3099 2374 3169 2439 in

603 2488 607 2492 ’
692 2474 961 2541 ecelesia
1005 2472 1401 2544 ministrans,
1437 2470 1730 2534 modium
1758 2469 1943 2552 grani
1972 2469 2058 2535 ad
2085 2469 2529 2536 molendinum
2551 2472 2837 2554 portavit
2859 2474 2906 2553 ⁸,
2929 2478 2998 2539 et
3017 2492 3170 2540 cum

693 2577 1060 2657 opportune
1089 2570 1443 2636 invenisset
1466 2568 1915 2634 molendinum
1936 2568 1983 2646 ⁸,
2029 2587 2303 2651 granum
2331 2568 2546 2634 molae
2574 2570 2919 2636 commisit.
2948 2571 3125 2639 Mola
3143 2572 3171 2612 ‘

578 2664 582 2668 ’
698 2690 852 2756 ergo
895 2689 1170 2760 granum
1221 2667 1580 2750 suscipiens
1632 2686 1825 2733 suum
1872 2686 2041 2751 opus
2088 2666 2486 2750 perficiebat,
2527 2668 2671 2752 ipso
2713 2669 2972 2737 interim
3018 2670 3171 2738 dor·
3204 2683 3276 2738 πο

697 2771 960 2837 miente.
990 2768 1047 2834 O
1075 2787 1388 2851 magnum
1414 2767 1824 2833 miraculum.
1852 2767 2044 2845 Mola,
2075 2768 2365 2850 perfecto
2393 2788 2614 2851 opere,
2641 2771 2942 2849 cessavit,
2982 2773 3172 2839 venis

696 2890 831 2937 non
849 2870 1086 2936 clausis
1110 2868 1328 2934 valida
1347 2886 1563 2952 aquae
1592 2866 1841 2932 fluenta
1862 2865 2130 2932 fluxere.
2157 2866 2340 2942 Tunc
2363 2887 2769 2951 equonomus
2786 2869 2812 2908 ”
2839 2870 3176 2938 incassum

696 2969 925 3035 videns
955 2972 1200 3052 aquam
1228 2966 1494 3032 fluxisse
1537 2969 1605 3030 et
1647 2964 1895 3031 molam
1924 2965 2012 3030 ab
2038 2985 2238 3048 opere
2266 2970 2652 3047 cessantem,
2683 2968 2939 3036 irruens
2966 2989 3191 3037 venas>

693 3067 953 3154 clausit,
982 3071 1343 3150 severoque
1360 3084 1676 3132 sermone
1705 3064 2023 3130 allocutus
2047 3068 2147 3139 est
2168 3069 2487 3132 sanctum.
2511 3065 2771 3138 Electus
2799 3072 3028 3134 autem
3054 3069 3177 3135 Dei

698 3168 1013 3243 minister,
1043 3171 1116 3233 ut
1146 3166 1353 3232 fertur
1372 3166 1418 3245 ⁸,
1448 3167 1651 3230 breve
1683 3170 1942 3247 tempus
1973 3175 2341 3248 equono'mo
2365 3166 2399 3206 ⁹*
2418 3165 2719 3249 promisit
2737 3166 2809 3244 ¹⁰,
2850 3179 2932 3235 ac
2968 3161 3179 3252 genus
3214 3185 3283 3239 ιι

697 3265 863 3334 illius
884 3265 954 3331 in
973 3264 1268 3335 ordinem
1288 3267 1334 3304 ¹¹
1350 3283 1512 3330 suae
1531 3263 2030 3347 praepositurae
2048 3282 2257 3347 usque
2282 3264 2368 3330 ad
2382 3264 2558 3331 diem
2579 3264 2795 3331 iudicii
2815 3265 3181 3336 affumrum

695 3385 830 3432 non
858 3383 1021 3431 esse.
1051 3363 1243 3443 Quod
1269 3364 1363 3429 rei
1396 3365 1669 3429 eventus
1699 3362 2005 3445 probavit
2013 3362 2098 3427 ³²..

783 3471 852 3531 3.
893 3464 1137 3529 Beatus
1163 3462 1267 3528 ille
1294 3458 1615 3528 Rfinanus
1636 3461 1929 3545 magistri
1949 3463 1991 3541 ¹,
2020 3462 2220 3527 immo
2249 3461 2493 3528 domini
2522 3463 2642 3543 sui,
2666 3464 2931 3531 imitans
2951 3485 3180 3534 exem-

702 3564 887 3648 plum
935 3561 1318 3628 humilitatis
1361 3566 1427 3626 et
1477 3560 1668 3626 huius
1718 3561 1962 3627 saeculi
2009 3560 2326 3627 honorem
2367 3565 2791 3646 postponenS,
2821 3564 3051 3632 abbati
3106 3586 3179 3633 se

703 3661 993 3729 subdidit
1035 3666 1102 3728 et
1150 3661 1402 3744 absque
1452 3660 1590 3725 eius
1621 3660 1895 3744 imperio
1922 3659 2081 3725 nihil
2110 3660 2369 3748 agebat.
2403 3661 2482 3726 Et
2526 3662 2680 3745 quia
2713 3663 2941 3741 civitas
2977 3684 3180 3749 super
3213 3678 3289 3733 30

701 3767 991 3831 montem
1021 3761 1236 3844 posita
1264 3779 1396 3825 non
1423 3764 1647 3843 potest
1676 3760 2007 3838 abscondi,
2038 3760 2336 3842 quamvis
2364 3760 2470 3826 ille
2490 3761 2755 3828 volebat
2783 3763 2870 3828 ab
2897 3763 3179 3831 homini-

700 3863 826 3927 bus
847 3880 992 3927 esse
1018 3863 1329 3938 remotuS,
1345 3864 1572 3926 tamen
1596 3858 2101 3924 clarescentibus
2124 3859 2261 3924 eius
2282 3859 2530 3925 meritis
2553 3861 2640 3926 ad
2667 3861 2894 3927 sedem
2915 3865 3180 3947 pontifl-

699 3960 909 4027 calem
929 3959 1170 4026 electus
1192 3961 1309 4023 est.
1333 3957 1458 4036 Qui
1480 3976 1631 4023 cum
1649 3958 1927 4024 rexisset
1954 3958 2309 4038 ecclesiam,
2333 3979 2503 4043 quae
2521 3964 2795 4025 vocatur
2816 3960 3048 4028 Druim
3061 3963 3175 4047 (1),

701 4058 911 4126 multa
937 4056 1257 4124 beneficia
1284 4076 1326 4123 a
1354 4057 1494 4122 Deo
1523 4057 1917 4141 impetravit.
1960 4056 2261 4136 Quodam
2304 4058 2478 4124 enim
2518 4063 2836 4141 tempore,
2866 4080 2999 4144 quo
3025 4068 3191 4147 post-

702 4161 1049 4241 acceptum
1069 4156 1379 4223 ecclesiae
1405 4156 1846 4240 principatum
1868 4174 2020 4222 cum
2040 4176 2161 4223 sua
2186 4156 2431 4223 familia
2450 4156 2519 4222 in
2534 4152 2875 4241 'quandam
2894 4179 3178 4247 pergens
3208 4181 3294 4236 33

770 4351 833 4403 8.
857 4352 928 4388 -—'
950 4346 1236 4403 ¹nondum
1269 4348 1342 4401 L.
1364 4374 1434 4389 —
1465 4348 1490 4382 ¹
1513 4347 1862 4403 sermonibus
1877 4348 2099 4403 ΕΒΔ.
2118 4376 2184 4386 -
2214 4347 2242 4382 ⁸
2262 4347 2488 4403 demum
2522 4348 2661 4404 LA.
2692 4350 2802 4389 -⁴
2823 4368 2924 4405 οηι.
2944 4353 3087 4408 AB.
3109 4383 3176 4395 -

703 4432 728 4468 ⁸
750 4430 1460 4501 (portavit-molendinum)
1500 4448 1601 4485 om.
1644 4431 1861 4486 Ena.
1899 4461 1963 4471 —
2008 4431 2033 4465 ⁸
2054 4430 2296 4500 perfecto
2336 4433 2465 4486 add.
2505 4432 2654 4486 EL.
2682 4460 2752 4472 -—
2784 4432 2808 4467 ²
2830 4435 2914 4489 ito
2951 4435 3175 4504 End,-

703 4511 1031 4586 eqnonimus
1063 4514 1132 4571 B.
1151 4542 1221 4554 -—
1248 4514 1274 4549 ⁸
1293 4513 1478 4574 ferunt
1499 4515 1569 4570 R.
1591 4542 1657 4554 -
1678 4515 1704 4550 ⁹
1719 4513 2053 4584 aequonimo
2075 4514 2143 4569 B.
2170 4543 2233 4554 —
2259 4515 2308 4549 ¹⁰
2343 4514 2594 4583 permisit
2616 4515 2756 4571 HJ..
2794 4544 2864 4557 -
2911 4517 2961 4553 ¹¹
2984 4518 3173 4575 ordine

703 4596 1128 4666 A.—²²(e.p.)
1151 4612 1205 4665 p.
1234 4599 1379 4653 0.ss

770 4682 839 4738 8.
860 4709 930 4722 -
946 4681 970 4716 ¹
993 4679 1253 4751 magister
1269 4679 1343 4734 Ε

773 4880 846 4947 (l)
885 4880 1092 4960 Druim
1129 4878 1440 4933 Imdat'nn
1478 4877 1607 4945 (vid.
1647 4894 1816 4947 supra
1859 4878 2241 4947 oengussium,
2265 4881 2406 4944 etc),
2429 4880 2596 4936 hodie
2635 4882 3051 4939 Druminislcln‘n
3089 4884 3178 4940 vel

709 4963 1061 5026 oraminum,
1080 4960 1141 5015 in
1156 4959 1427 5016 comitatu
1450 4960 1650 5015 Louth.
