3487 5450
1094 611 1193 664 nx
1242 612 1402 665 con.
1453 612 1811 681 VATIGANO
1861 611 2016 665 38¹3.
2068 566 2076 573 ’
2149 681 2155 686 ι
2654 592 2800 666 319

318 803 613 888 quadam
643 802 747 868 die
776 801 1102 869 dominica
1142 802 1242 867 vir
1269 802 1659 868 Benedictus
1689 803 1979 882 Iohanne
2008 803 2240 868 coniux
2285 803 2471 886 quasi
2499 801 2806 868 divinitus

315 904 753 987 perlustratus
783 907 973 985 pater
1016 902 1212 967 futuri
1259 903 1576 968 mundum
1621 902 2030 968 illuminante
2067 903 2281 986 figura
2321 903 2505 968 stelle
2534 902 2805 985 Dyanae
2835 908 2841 912 '

318 1006 752 1085 consurgente
792 1020 1030 1067 aurora
1078 1003 1140 1066 in
1184 1003 1371 1085 sopni
1421 1002 1771 1068 dulcedine
1798 1022 2064 1093 cereum
2093 1005 2256 1068 miro
2291 1002 2534 1085 fulgore
2563 1003 2809 1068 mican-

318 1107 462 1168 tem
493 1103 576 1167 de
604 1105 832 1166 ventre
853 1102 948 1184 (l)
979 1101 1270 1166 Iohanne
1300 1103 1676 1185 pregnantis
1704 1101 2000 1167 nondum
2031 1102 2153 1167 sibi
2197 1102 2451 1167 conscie
2495 1121 2806 1167 emanare

250 1219 285 1268 z
320 1203 355 1243 *
384 1202 745 1285 prospexit.
788 1201 950 1266 Illud
990 1201 1165 1265 idem
1206 1200 1498 1266 lohanna
1539 1202 1726 1285 quasi
1763 1202 2184 1284 semisoporis
2229 1201 2570 1267 dulcedine
2611 1206 2807 1284 rapta

319 1302 661 1386 percipere
688 1301 946 1366 meruit.
977 1300 1173 1365 Cuius
1203 1301 1472 1366 misterii
1501 1302 1816 1366 visionem
1848 1301 2240 1384 spergefacti
2269 1321 2386 1366 seu
2431 1301 2807 1384 evigilantes

322 1402 492 1467 alter
512 1400 698 1465 alteri
720 1399 1161 1465 vicissitudine
1189 1401 1493 1484 detegere
1521 1420 1654 1465 non
1676 1401 1980 1483 neglexit.
2521 1389 2524 1392 ’

412 1507 483 1565 3.
533 1499 717 1564 Tunc
775 1499 1064 1564 lohanna
1115 1498 1279 1565 illico
1329 1519 1538 1582 prona
1581 1500 1857 1582 genibus
1901 1501 2185 1565 curvatis
2237 1501 2589 1583 animoque
2636 1499 2808 1564 flexo

323 1599 966 1665 altissimoCreatori
997 1599 1283 1663 sentiens
1302 1600 1384 1664 'se
1406 1602 1837 1682 pregnantem
1862 1599 2281 1664 devotissime
2307 1599 2809 1664 commendavIt.

227 1714 287 1762 «o
324 1700 503 1765 Dum
523 1699 730 1764 nescit
758 1719 829 1763 se
850 1685 1139 1763 sterilem
1162 1698 1441 1763 fructum
1466 1698 1712 1763 mundo
1747 1699 2059 1781 proferre,
2086 1719 2282 1782 quem
2306 1699 2570 1781 insuper
2591 1690 2814 1763 senec-
2864 1760 2867 1764 .

325 1799 490 1863 tutis
519 1791 836 1862 naturalis
862 1802 1004 1862 etas
1033 1816 1309 1880 negasse
1346 1798 1623 1876 videtur,
1668 1802 1734 1862 et
1776 1798 1873 1862 ita
1908 1798 2044 1863 viro
2089 1817 2206 1863 suo
2253 1800 2533 1862 fructum
2562 1798 2813 1881 gratiae

328 1903 400 1963 et
429 1897 898 1963 benedictionis
928 1916 969 1961 a
999 1896 1275 1961 Domino
1297 1896 1480 1962 iuxta
1501 1897 1950 1980 promissionis
1976 1901 2128 1962 vota
2158 1898 2520 1980 suscepisse
2540 1897 2817 1962 firmiter
2941 1925 2945 1930 ·

329 2016 627 2064 asserere
667 2015 800 2062 non
842 1996 1113 2072 desistit,
1170 1996 1420 2062 addens
1460 1998 1606 2080 ipsa
1648 1997 1890 2062 devota
1931 2002 2145 2062 mater
2195 2016 2437 2080 sponso
2473 2016 2591 2062 suo
2622 2020 2638 2061 ε
2667 1995 2816 2076 Hic,

329 2098 563 2181 inquit,
574 2096 749 2179 filius
772 2116 1043 2179 maynus
1063 2097 1180 2160 erit
1204 2117 1419 2161 coram
1446 2096 1722 2161 Domino
1743 2116 1878 2173 ειιο,
1893 2099 1952 2160 si
1974 2098 2239 2161 visiones
2267 2096 2568 2160 hactenus
2588 2099 2818 2160 verita-

230 2216 297 2265 w
332 2204 455 2261 tem
479 2197 852 2260 contineant.
863 2195 1112 2260 Similia
1135 2215 1397 2278 quoque
1411 2196 1802 2261 Benedictus
1824 2197 2026 2262 verba
2049 2216 2197 2262 cum
2222 2197 2492 2278 coniuge
2514 2197 2818 2262 eructans

335 2295 514 2362 clara
528 2313 706 2373 voce,
730 2294 1030 2378 exultans
1054 2296 1272 2374 iubilo,
1295 2297 1539 2377 gratias
1562 2296 1691 2378 egit
1705 2295 2105 2379 redemptori
2123 2296 2208 2361 alt
2218 2296 2460 2373 issim0‚
2484 2296 2595 2378 qui
2615 2295 2819 2361 talem

335 2397 581 2461 fecerat
631 2395 1145 2460 misericordiam
1195 2414 1344 2460 cum
1393 2396 1597 2460 servis
1647 2395 1803 2460 suis.
1853 2395 2264 2461 Adveniente
2308 2415 2472 2477 ergo·
2503 2396 2819 2478 temporis

332 2494 741 2579 plenitudine
770 2495 1087 2577 pariendi,
1111 2496 1363 2577 peperit
1386 2495 1528 2578 ipsa
1551 2495 1791 2560 devota
1813 2494 2104 2560 lohanna
2136 2495 2341 2560 filium
2363 2514 2556 2560 suum
2575 2495 2822 2578 primo·

337 2594 630 2676 genitum
682 2596 748 2656 et
795 2592 1154 2676 quamdam
1203 2591 1404 2656 filiam
1453 2592 1742 2657 futuram
1785 2592 2370 2666 sanctimonialem,
2414 2592 2496 2656 de
2535 2611 2669 2675 qua
2707 2592 2821 2658 fiet

240 2710 303 2762 io
340 2690 642 2776 aliqualis
672 2693 919 2758 mentio
949 2692 1014 2757 in
1044 2692 1228 2757 obitu
1255 2691 1446 2758 huius
1476 2692 1866 2758 sanctissimi
1889 2692 2094 2776 patris
2117 2692 2225 2776 (2).
2254 2690 2397 2770 Quo
2427 2695 2584 2758 nato
2604 2690 2822 2775 ipsum

321 2793 558 2858 ,forma
587 2792 754 2857 sacri
783 2792 1200 2874 baptismatis
1229 2792 1554 2875 insignivit
1585 2795 1651 2857 et
1678 2811 1921 2857 nomen
1948 2793 2260 2858 Albertus
2290 2793 2503 2857 eidem
2531 2792 2824 2875 angelica

338 2891 786 2957 admonitione
814 2891 1154 2973 adoptavit
1176 2891 1292 2974 (3).

420 3001 488 3056 4.
533 2991 779 3057 Crescit
821 3010 986 3073 puer
1039 2991 1288 3073 optime
1336 2990 1567 3055 indolis
1618 2991 2016 3056 unanimiter
2055 2984 2360 3055 omnibus
2402 3010 2750 3074 apparenS‚
2781 3010 2825 3056 a

340 3090 612 3173 singulis
641 3090 1201 3155 benedictionibus
1231 3089 1569 3155 cotidianis
1592 3090 2016 3168 benedicitur,
2039 3109 2119 3155 ac
2137 3089 2512 3155 liberalibus
2542 3090 2823 3155 traditur

240 3203 304 3256 is
341 3190 596 3256 artibus
625 3189 1035 3255 imbuendus.
1066 3189 1346 3272 Spiritus
1375 3189 1584 3254 sancti
1612 3189 1825 3272 gratia
1852 3190 2218 3277 roboratus,
2245 3189 2485 3254 licteris
2517 3190 2823 3255 laudabi-⁴

340 3289 486 3354 liter
517 3289 807 3354 eruditus
836 3289 1215 3362 adornatur,
1246 3307 1283 3353 a
1315 3289 1699 3371 parentibus
1728 3308 1846 3354 seu
1875 3290 2307 3354 actinentibus
2329 3290 2602 3354 nimium
2628 3309 2822 3373 prea-

342 3390 587 3464 matur‚
633 3390 697 3450 et
725 3386 1029 3452 omnibus
1061 3385 1130 3450 fit
1159 3386 1453 3469 placidus
1495 3391 1696 3469 atque
1724 3386 2068 3469 gratiosus,
2096 3388 2190 3451 ita
2217 3391 2291 3451 ut
2322 3406 2471 3452 cum
2512 3392 2820 3453 octavum

339 3485 675 3568 actigisset
703 3504 949 3549 annum
976 3504 1017 3550 a
1047 3485 1342 3550 nobiliori
1365 3488 1400 3526 *
1430 3486 1740 3569 prosapia
1768 3490 1957 3568 pater
1987 3490 2162 3550 esset
2187 3487 2420 3569 iugiter
2448 3486 2819 3570 requisitus,

339 3590 670 3668 quatenus
699 3585 914 3667 ipsum
953 3585 1157 3649 filium
1199 3585 1491 3650 traderet
1539 3586 1608 3649 in
1655 3605 1991 3667 sponsum,
2040 3590 2114 3651 ut
2155 3606 2274 3668 per
2316 3606 2467 3651 eum
2505 3587 2819 3669 dignitate

232 3699 303 3752 3ο
339 3684 544 3768 regali
572 3683 840 3749 demum
868 3689 1060 3767 pater
1090 3684 1359 3750 fruatur.
1388 3684 1686 3750 Tandem
1715 3688 1908 3767 pater
1927 3685 2229 3768 precibus
2251 3686 2623 3769 compulsus
2643 3687 2824 3769 geni-

330 3785 482 3850 trici
511 3804 629 3849 sue
671 3784 845 3848 hunc
889 3804 1197 3849 enarrare
1227 3804 1597 3849 sermonem
1624 3786 1986 3868 proposuit,
2015 3785 2288 3850 credens
2323 3787 2550 3869 utique
2578 3786 2646 3851 in
2674 3805 2823 3868 pre·

336 3884 556 3950 missis
585 3888 868 3948 matrem
912 3884 1124 3948 eidem
1161 3885 1333 3967 patri
1373 3884 1536 3948 velle
1578 3903 1889 3948 annuere.
1925 3884 2042 3949 Illa
2081 3903 2237 3949 vero
2268 3906 2284 3948 ι
2333 3885 2563 3967 Miror,
2592 3885 2820 3969 inquit,

327 3983 748 4069 prudentiam
777 3990 952 4047 tuam
957 4032 977 4064 ,
999 3983 1166 4068 qnod
1187 3983 1263 4046 de
1283 3982 1395 4046 hoc
1428 3983 1662 4047 »inundo
1689 3983 1927 4047 caduco
1955 3991 2010 4046 et
2032 3991 2211 4047 vento
2239 3984 2546 4068 stipulam
2568 3984 2662 4069 (4)
2684 3986 2822 4069 αφ’-

338 4084 504 4148 tanti
523 4083 907 4147 consimilem
932 4084 1223 4167 requiras
1243 4081 1558 4147 honorem.
1589 4080 1763 4146 Num
1787 4082 2166 4163 recordari-3,
2195 4103 2276 4146 an
2302 4083 2531 4147 oblitus
2551 4103 2614 4148 es
2632 4083 2822 4148 Crea-

237 4195 305 4247 35
338 4184 518 4264 toris,
547 4184 658 4267 qui
684 4190 929 4246 tantam
956 4183 1243 4266 qratiam
1268 4182 1550 4265 conferre
1570 4171 1874 4266 diqnatus
1898 4188 2007 4259 est,
2039 4183 2467 4265 interpellante
2481 4202 2609 4267 pro
2643 4183 2822 4247 nobis

336 4282 619 4366 qloriosa
678 4281 804 4345 Dei
837 4283 1135 4365 qenitrice
1186 4280 1459 4345 Maria?
1497 4283 1604 4346 An
1647 4288 1976 4364 peccatum
2018 4282 2236 4344 inanis
2282 4281 2480 4365 qlorie
2519 4301 2628 4346 eeu
2666 4303 2823 4346 vane

336 4379 601 4463 fallacie
626 4388 932 4444 cortuum
960 4380 1209 4446 seduxit
1227 4379 1260 4443 ?
1287 4380 1432 4445 Non
1463 4380 1710 4464 expedit
1737 4381 1916 4444 nobis
1937 4379 2193 4444 reddere
2213 4379 2346 4444 Deo
2375 4382 2623 4466 eiusque
2648 4383 2825 4466 yeni-

340 4482 489 4544 triei
535 4481 746 4545 Μανία
774 4478 1048 4543 debitum
1079 4481 1287 4564 sepius
1314 4479 1753 4564 promissum?
1778 4480 1915 4545 Nos
1950 4481 2121 4563 ipsos
2165 4478 2578 4564 obliqavimus
2619 4480 2823 4559 libere,

340 4599 456 4644 nos
498 4582 671 4665 ipsos
721 4579 987 4643 liberare
1035 4581 1385 4665 nequimus.
1437 4578 1511 4644 Si
1561 4600 1703 4664 erqo
1741 4579 1918 4661 filius
1966 4587 2174 4644 noster
2220 4579 2514 4644 Albertus
2561 4580 2693 4644 Deo
2734 4586 2825 4644 est

237 4691 308 4746 «to
342 4678 815 4765 coniunqeudus
840 4679 911 4741 in
954 4699 1144 4742 sacra
1177 4678 1489 4763 reliqimw,
1529 4678 1836 4764 quomodo
1878 4679 2275 4763 copulandus
2317 4685 2403 4743 est
2431 4681 2572 4743 vasi
2593 4679 2826 4764 fraqili
2876 4725 2884 4732 -

409 4904 484 4968 (1)
529 4902 691 4955 Vento
729 4901 849 4957 Vat.
874 4931 938 4941 —
962 4902 1033 4968 (2)
1060 4903 1157 4960 (Et
1183 4905 1477 4969 quamdam
1500 4932 1523 4944 ·
1542 4905 1749 4970 patris)
1777 4902 2033 4956 omittunt
2057 4908 2153 4956 1·5.
2177 4930 2244 4941 —
2270 4903 2344 4968 (3)
2377 4901 2592 4956 Nomen
2614 4900 2822 4955 Alberti

348 4989 511 5038 antea
550 4983 607 5037 in
633 4984 814 5039 Sicilia
838 4985 1007 5039 fuisse
1026 4985 1329 5039 inauditum
1352 4985 1559 5040 addunt
1582 4985 1765 5038 ceteri.
1786 5014 1846 5024 -
1870 4988 1940 5050 (4)
1966 4987 2178 5052 Stipule
2200 4984 2319 5038 Vat.

2945 1205 2972 1234 ¹⁸
2996 1203 3030 1256 f.
3057 1203 3166 1259 w.

2971 3502 2996 3530 *
3024 3499 3061 3554 f.
3089 3501 3167 3554 15.
