3487 5450
743 524 838 596 30
1783 543 1871 594 m:
1923 541 2163 595 MAGNO

739 732 985 796 doctum
1016 731 1162 797 Rev.
1192 731 1265 796 P.
1300 729 1698 794 Benedictum
1731 729 2084 812 Hammerl,
2112 729 2639 794 bibliothecarium
2679 738 2731 794 ct
2761 729 3195 795 archivarium

739 831 1181 914 Zwenknsm,
1210 850 1332 895 non
1361 830 1562 895 solum
1592 828 1768 893 nobis
1812 829 2023 893 Vitam
2064 828 2356 913 Greqorii
2386 829 2770 894 Porcetensis
2812 851 2956 893 cum
2984 830 3193 896 codice

737 931 821 995 24
847 930 1176 995 contulisse
1194 931 1306 1014 (1),
1331 929 1436 994 sed
1463 936 1517 993 et
1545 928 1711 992 ultro
1723 948 1849 1012 pro
1872 950 1991 992 sua
2014 927 2406 992 humanitate
2427 950 2490 993 se
2506 937 2819 1014 paratum
2840 929 3187 995 exhibuisse

738 1036 808 1093 ut
836 1030 972 1094 alia
1001 1030 1210 1110 etiam,
1234 1048 1392 1114 quac
1414 1028 1717 1109 vellemus,
1748 1030 1816 1091 in
1847 1027 2157 1092 codicibus
2177 1048 2367 1091 curae
2387 1048 2536 1093 suae
2556 1029 2903 1093 commissis
2930 1030 3198 1112 inspice-

734 1134 827 1193 ret
870 1136 923 1191 et
965 1128 1293 1210 conferret.
1342 1127 1466 1191 Sed
1506 1129 1715 1190 virum
1761 1126 2288 1209 officiosissimum
2312 1126 2567 1191 obruere
2607 1127 2924 1193 noluimus
2953 1129 3189 1211 inqenti

735 1226 962 1308 labore,
985 1228 1096 1312 qui
1122 1227 1402 1311 impendi
1443 1226 1763 1306 debuisset,
1793 1233 1861 1290 ut
1904 1233 2104 1289 textus
2131 1245 2340 1289 omnes
2368 1228 2435 1289 in
2463 1227 2712 1310 maynis
2739 1226 2870 1290 illis
2898 1233 3196 1312 quattuor

735 1327 1153 1390 voluminibus
1178 1326 1474 1411 descripti
1498 1326 1873 1406 sinyillatim
1902 1327 2412 1388 examinarentur
2435 1332 2489 1388 et
2512 1332 3111 1409 recoqnoscerentur.

817 1426 930 1489 2¹⁸
966 1458 1028 1477 ι-
1065 1426 1257 1489 codex
1283 1428 1571 1510 siqnatus
1595 1426 1692 1504 13,
1732 1424 2039 1506 foliorum
2070 1425 2208 1506 234,
2244 1426 2510 1488 continet
2535 1444 2767 1488 menses
2795 1426 3193 1506 ianuarium,

734 1523 1151 1606 februarium,
1182 1526 1506 1588 martium.
1537 1524 1635 1588 De
1656 1545 1721 1587 eo
1767 1524 1855 1587 ad
1897 1544 2010 1587 nos
2039 1526 2130 1587 ita
2177 1523 2472 1586 scribebat
2503 1524 2804 1588 laudatus
2824 1547 2878 1589 v.
2908 1523 2967 1588 d.
3002 1524 3195 1589 Benc-

738 1622 941 1687 dictus
984 1623 1318 1688 Hammerl
1347 1647 1369 1687 .·
1391 1627 1422 1658 “
1460 1623 1667 1686 Codex
1698 1623 1778 1686 13
1820 1643 1965 1704 non,
2009 1630 2078 1687 ut
2121 1622 2282 1687 Xen.
2312 1620 2504 1688 Bern.
2538 1621 2633 1705 II,
2679 1624 2736 1703 1,
2766 1625 2910 1700 305,
2938 1623 3194 1703 dicitur,

747 1773 774 1802 ,
819 1743 979 1787 saec.
1028 1722 1230 1804 XIII,
1253 1722 1358 1787 sed
1400 1743 1557 1786 saec.
1601 1721 1758 1786 XII
1793 1729 2046 1786 exeunte
2087 1724 2360 1806 scriptus
2402 1728 2487 1785 est
2526 1723 2898 1806 qeneraliter
2939 1722 3017 1787 ab
3059 1743 3195 1786 una

742 1873 775 1905 η
821 1843 1037 1902 manu,
1066 1824 1169 1885 cui
1197 1823 1512 1886 interdum
1541 1822 1815 1886 subvenit
1847 1842 2078 1885 manus
2105 1821 2399 1903 secunda,
2430 1842 2585 1906 quae
2604 1822 2834 1885 codicis
2861 1822 2942 1885 24
2960 1823 3194 1905 priora
3228 1819 3236 1825 ’

742 1972 775 2004 „
818 1921 979 2004 folia
1021 1923 1241 2006 viyinti
1283 1923 1413 1985 tria
1455 1922 1645 1984 etiam
1689 1922 1958 2004 scripsit.
2000 1921 2213 1984 Tertia
2270 1942 2499 1985 manus
2541 1941 2696 1986 saec.
2738 1919 2930 1985 XLII
2959 1921 3107 1985 inde
3148 1942 3190 1986 a

745 2071 776 2101 „
817 2020 973 2102 folio
1000 2022 1291 2104 viyesimo
1324 2023 1501 2083 tertio
1546 2019 1808 2083 codicem
1840 2020 1920 2082 24
1954 2020 2256 2102 perduxit
2295 2020 2383 2083 ad
2420 2020 2629 2102 finem.
2669 2071 2694 2099 „
2731 2019 2868 2083 Fol.
2910 2022 2955 2084 2
2992 2027 3195 2084 exstat

738 2118 927 2181 index
972 2118 1297 2200 Vitarum,·
1323 2117 1437 2201 fol.
1462 2118 1499 2181 1
1531 2116 1925 2201 desumptum
1959 2124 2046 2181 est
2075 2138 2150 2181 ex
2172 2117 2447 2202 quodam
2466 2117 2773 2201 qradnali
2800 2117 3195 2181 neumatibus

740 2224 974 2281 notato.

820 2317 937 2380 2²⁴
973 2348 1037 2366 —
1074 2316 1262 2379 codes:
1310 2317 1595 2399 siqnatus
1650 2316 1753 2397 24,
1800 2314 2102 2396 foliorum
2130 2316 2274 2397 310,
2319 2318 2583 2379 continet
2625 2335 2860 2380 menses
2902 2317 3194 2400 aprilem,

740 2416 1002 2496 maium,
1030 2415 1300 2478 iunium.
1328 2414 1425 2479 De
1451 2420 1719 2498 tempore
1749 2435 1868 2499 quo
1897 2416 2171 2498 scriptus
2198 2421 2303 2495 est,
2331 2415 2456 2479 vicl.
2486 2435 2687 2498 supra
2734 2417 2804 2478 in
2836 2414 2965 2479 21³.
2989 2414 3129 2480 Fol.
3153 2417 3197 2479 3

740 2513 965 2598 leqitur
1017 2512 1207 2575 index
1282 2512 1603 2592 Vitarum,·
1646 2511 1762 2593 fol.
1814 2514 1851 2575 1
1894 2515 2212 2596 scriptura
2265 2519 2482 2594 vacat,·
2525 2512 2639 2594 fol.
2681 2514 2726 2576 2
2761 2534 2836 2577 ex
2887 2514 3196 2598 yraduali

744 2611 1136 2695 desumptum
1160 2617 1267 2675 est.

822 2711 939 2774 z¹⁴
977 2744 1039 2763 επ
1070 2710 1258 2774 codex
1294 2712 1583 2793 siquatus
1625 2709 1725 2791 14,
1768 2708 2074 2792 foliorum
2115 2710 2236 2774 201
2267 2711 2498 2792 (0¹³420
2539 2725 2591 2778 ><
2624 2711 2856 2796 0‚325),
2891 2717 3197 2798 exaratus

741 2831 896 2875 saec.
941 2808 1142 2874 ΧΙΠ.
1189 2810 1470 2874 Continet
1508 2830 1776 2873 mensem
1809 2809 2108 2874 octobrem
2142 2817 2195 2874 et
2226 2810 2357 2873 dies
2394 2811 2738 2874 novembris
2767 2813 2934 2877 1-16.
2967 2811 3110 2876 Fol.
3154 2813 3193 2876 1

740 2910 965 2994 leyitur
992 2909 1181 2973 index
1226 2909 1553 2987 Vitarum;
1578 2909 1701 2992 fine
1730 2910 1989 2973 mutilus
2012 2916 2097 2973 est
2120 2909 2327 2990 codex,
2354 2910 2581 2973 ablatis
2602 2913 2826 2994 paucis
2855 2912 3197 2976 dumtaxat

738 3009 934 3089 foliis.

821 3117 872 3172 z
892 3108 1029 3157 ¹⁵=
1052 3107 1239 3170 codex
1260 3108 1543 3189 siqnatus
1567 3110 1661 3188 15,
1683 3107 1991 3186 foliorum
2015 3107 2155 3188 172,
2179 3115 2479 3172 exaratus
2502 3130 2658 3172 saec.
2682 3107 2885 3172 XIII.
2908 3108 3198 3173 Continet

741 3207 1017 3291 reliquas
1064 3206 1239 3270 Vitas
1264 3208 1488 3270 mensis
1517 3206 1861 3270 novembris
1903 3213 1955 3270 et
1986 3213 2178 3269 totum
2208 3207 2598 3273 decembrem.
2621 3207 2747 3271 Hic
2770 3209 2971 3291 capite
2998 3210 3197 3272 muti-

743 3305 845 3369 lus
870 3312 974 3385 est,
1005 3305 1343 3390 desuntque
1360 3306 1523 3387 folia
1554 3307 1697 3368 item
1721 3326 1848 3369 non
1879 3306 2099 3370 multa.

826 3464 1029 3545 Atque
1046 3461 1197 3525 haec
1225 3471 1369 3525 sunt
1391 3463 1521 3524 tria
1551 3462 1830 3544 exempla
1862 3462 2296 3524 cisterciensia.
2322 3461 2399 3526 Ut
2423 3469 2629 3525 autem
2653 3484 2692 3524 a
2717 3469 2918 3526 matre
2940 3462 3200 3527 abbatia

746 3559 1015 3623 Sanctae
1042 3560 1263 3623 Crucis
1292 3566 1499 3622 ortum
1522 3561 1797 3623 tulerunt
1820 3567 1953 3623 tum
1985 3560 2375 3623 Claravallis
2396 3563 2742 3640 austriaca,
2760 3568 2893 3624 tum
2917 3561 3204 3645 Campus

742 3660 1082 3738 Liliorum,
1104 3661 1195 3722 ita
1219 3680 1292 3721 ex
1317 3659 1734 3722 Sancrucensi
1758 3660 2102 3743 exemplari
2122 3659 2407 3723 derivata
2437 3661 2623 3722 etiam
2652 3660 2942 3723 videntur
2961 3659 3204 3745 Leqen-

743 3759 934 3822 daria
957 3765 1089 3820 tum
1115 3757 1175 3821 Z
1176 3759 1486 3838 wettlense,
1508 3766 1634 3821 tum
1667 3758 1821 3821 Cam
1818 3759 1966 3843 pilil
1973 3761 2151 3822 iense.
2171 3757 2265 3839 ld,
2283 3758 2446 3842 quod
2468 3758 2557 3821 ad
2581 3758 2938 3823 Zwettlense
2957 3763 3203 3843 attinet,

742 3866 798 3921 et
821 3859 935 3921 alii
956 3859 1201 3940 opinati
1222 3866 1385 3936 sunt,
1408 3863 1461 3920 et
1484 3878 1536 3920 v.
1560 3857 1623 3919 d.
1661 3857 2034 3921 Benedictus
2063 3857 2397 3921 Hammerl
2425 3858 2590 3922 idem
2612 3879 2672 3922 se
2703 3879 2940 3922 censere
2967 3859 3199 3922 litteris

742 3957 1024 4020 laudatis
1052 3957 1311 4019 monuit.
1342 3955 1441 4020 De
1478 3956 1935 4039 Campililiensi
1978 3964 2184 4020 autem
2226 3957 2510 4040 plurimo
2539 3959 2951 4040 experimento
2974 3959 3208 4022 certior

740 4057 952 4136 factus
981 4076 1120 4118 sum
1148 4055 1312 4118 illud
1355 4077 1394 4118 a
1443 4057 1864 4119 Sancrucensi
1891 4058 2266 4139 exscriptum
2310 4076 2453 4138 esse,
2483 4063 2537 4119 et
2580 4056 2825 4141 quidem
2856 4079 2897 4120 a
2919 4057 3212 4122 Sancru-

743 4157 908 4218 censi
944 4155 1073 4216 iam
1115 4160 1402 4237 correcto,
1424 4162 1760 4239 postquam
1812 4175 2024 4238 nempe
2061 4175 2292 4219 manus
2322 4155 2633 4241 quaedam
2657 4156 2858 4240 paulo
2898 4157 3209 4220 recentior

743 4254 1023 4334 mendas,
1052 4274 1208 4338 quae
1238 4256 1302 4317 in
1324 4253 1449 4335 hoc,
1489 4254 1650 4317 sicut
1678 4260 1734 4317 et
1761 4255 1830 4317 in
1852 4256 2066 4318 ceteris
2087 4255 2565 4338 exemplaribus,
2601 4276 2726 4319 non
2751 4275 3002 4339 paucae
3029 4263 3206 4339 sunt,

743 4353 1180 4439 quadantenus
1208 4353 1414 4417 tollere
1442 4354 1590 4416 nisa
1632 4360 1790 4416 erat.

824 4518 923 4583 Ab
962 4519 1079 4582 hac
1121 4518 1604 4581 cisterciensium
1647 4516 1930 4581 codicum
1970 4516 2230 4597 familia
2281 4520 2462 4582 certis
2510 4518 2885 4604 quibusdam
2943 4520 3208 4585 indiciis

743 4619 1088 4682 discernere
1135 4626 1222 4681 est
1250 4616 1637 4700 exemplaria
1682 4615 2089 4698 benedictina,
2123 4616 2554 4681 Admuntense
2594 4617 2899 4680 nimirum
2941 4626 2997 4682 et
3040 4619 3209 4683 Mel-

742 4718 977 4782 license.
1009 4715 1181 4795 Quae
1201 4717 1487 4800 quamvis
1508 4714 1767 4778 eandem
1798 4713 2093 4779 Vitarum
2115 4713 2620 4802 Passionumque
2632 4716 3043 4781 collectionem
3062 4738 3206 4782 con-

811 4899 882 4964 (1)
906 4897 986 4953 Cr.
1009 4897 1253 4963 Act.SS,
1276 4895 1413 4951 Nov.
1433 4899 1475 4949 t.
1494 4895 1561 4962 11,
1587 4896 1634 4962 1,
1652 4910 1704 4964 p.
1725 4894 1843 4962 ⁴59,
1859 4910 2010 4950 num.
2032 4895 2082 4950 4.
