3487 5450
742 558 842 630 98
1689 575 1780 627 m:
1834 574 2275 627 Ltctxmmo

837 765 1237 831 Gebeleartlus
1267 766 1368 829 ille
1397 784 1567 828 anno
1597 765 1758 829 1141
1802 764 1990 828 abbas
2028 763 2244 846 factus
2286 772 2392 839 est,
2435 773 2489 827 et
2524 772 2861 850 postquam
2894 769 3217 853 quinqua·

737 869 917 952 yinta
948 868 1138 930 annis
1166 865 1517 929 coenobium
1547 872 1819 945 reterat,
1850 885 2020 928 anno
2054 866 2210 927 1191
2239 862 2389 926 obiit
2416 866 2533 947 (1).

833 1064 1015 1145 Quod
1043 1066 1100 1128 si
1130 1066 1256 1126 iam
1286 1062 1749 1147 Leyendarium
1790 1062 2269 1146 Windberyense
2290 1083 2429 1125 cum
2453 1063 2776 1127 austriaco
2799 1062 3213 1147 conferimus,

741 1165 953 1225 state‘m
1006 1170 1245 1226 constat
1288 1163 1682 1224 austriacum
1728 1160 2103 1223 collectorem
2152 1160 2344 1224 multo
2384 1161 2755 1243 ampliorem
2806 1161 3213 1228 documento-

744 1283 887 1325 rum
917 1263 1140 1325 silvam
1171 1261 1289 1325 sibi
1328 1280 1748 1344 comparasse,
1790 1281 1982 1345 quam
2022 1259 2170 1342 fecit
2212 1258 2506 1324 bavarus.
2549 1258 2631 1323 In
2674 1262 2996 1326 austriam
3033 1264 3203 1327 enim

743 1363 989 1424 circiter
1029 1363 1154 1425 580
1197 1360 1376 1425 Vitae
1406 1360 1813 1424 Passionesce
1853 1359 2202 1443 descriptae
2240 1366 2409 1440 sunt,
2452 1360 2520 1422 in
2568 1358 3040 1445 Winclberqensi
3083 1381 3211 1426 non

742 1463 997 1525 omnino
1022 1462 1165 1525 350.
1196 1460 1278 1524 In
1321 1460 1643 1524 austriaco
1668 1460 1860 1523 etiam
1889 1459 2016 1523 solo
2058 1460 2337 1522 invenire
2363 1465 2451 1523 est
2496 1457 2677 1523 Vitas
2706 1459 2855 1525 illas
2882 1481 3010 1525 non
3032 1482 3215 1545 pau-

743 1580 872 1642 cas,
896 1564 1150 1644 quasin
1191 1559 1387 1622 nullis
1415 1559 1567 1623 aliis
1596 1557 2095 1633 Passionalibus‚
2141 1579 2329 1643 neque
2363 1559 2554 1621 etiam
2596 1560 2665 1622 in
2710 1558 3210 1645 Windberyensi,

742 1666 1025 1724 servatas
1066 1679 1191 1723 esse
1238 1658 1518 1722 diximus
1540 1659 1654 1741 (2).
1680 1656 1806 1723 Sed
1836 1664 1892 1721 et
1919 1678 1996 1721 ex
2028 1657 2330 1742 Greqorio
2373 1656 2751 1739 Turonensi,
2787 1679 2864 1723 ea:
2892 1659 3093 1742 Beda,
3139 1681 3217 1724 ea:

743 1757 1059 1838 Datiana,
1100 1778 1258 1843 quae
1285 1757 1543 1839 dicitur,
1583 1756 1852 1821 historia
1882 1757 2168 1822 ecclesiae
2199 1756 2709 1839 Mediolanensis,
2741 1764 2874 1821 tam
2889 1779 3109 1843 pauca
3142 1760 3214 1823 in

760 1857 1265 1943 Windberqenses
1288 1856 1522 1921 coclices
1551 1858 1962 1937 transierunt,
1999 1862 2069 1919 ut
2099 1858 2356 1919 minime
2389 1856 2679 1921 rideatur
2704 1858 2992 1922 collector
3019 1857 3218 1923 bava-

741 1977 857 2022 rus
900 1959 1046 2041 ipse,
1085 1957 1248 2021 sicut
1295 1956 1658 2020 austriacas
1685 1956 1800 2039 (3),
1827 1955 1939 2020 hos
1966 1955 2157 2019 libros
2200 1955 2498 2038 evolvisse,
2532 1956 2643 2019 sed
2673 1958 2892 2041 potius
2933 1958 3098 2024 locos
3140 1980 3216 2023 σω

741 2057 870 2122 illis
897 2058 966 2120 in
992 2056 1140 2120 aliis
1159 2054 1576 2120 voluminibus
1597 2056 1730 2119 iam
1755 2063 2069 2140 excerptos
2094 2056 2317 2119 iterum
2339 2056 2761 2139 exscripsisse.
2799 2056 3031 2121 Verum
3053 2058 3218 2123 alios

743 2155 902 2220 duos
924 2155 1129 2237 sontes
1172 2154 1355 2235 adiit,
1383 2174 1538 2240 quos
1564 2154 1773 2218 eodem
1802 2155 1895 2218 vel
1938 2162 2095 2219 certe
2138 2174 2259 2218 non
2302 2155 2497 2219 multo
2519 2162 2663 2240 post
2690 2163 2964 2240 tempore
2991 2156 3218 2223 adibat

742 2253 1022 2318 collector
1051 2251 1431 2337 Leqendarii
1452 2252 1786 2333 austriaci,
1810 2253 2117 2317 nimirum

825 2452 880 2518 Ι.
918 2452 1310 2518 Wonrmm
1352 2472 1891 2533 ωπιιοιοῦῐῦκ,
1929 2473 2004 2516 ex
2046 2472 2168 2538 quo
2207 2452 2455 2516 circiter
2495 2455 2579 2517 55
2620 2451 2823 2517 breves
2880 2452 3064 2518 Vitas
3090 2474 3202 2519 seu

739 2552 1132 2617 laudationes
1158 2559 1523 2617 sanctorum
1565 2551 1931 2635 desumpsit.
1977 2550 2350 2634 Wolfharcli
2376 2551 2681 2637 siquidem
2715 2552 2949 2616 librum
2987 2552 3070 2617 ab
3098 2554 3210 2618 illo

738 2651 1084 2737 expilatam
1099 2671 1222 2716 esse
1238 2652 1326 2716 vel
1339 2650 1531 2716 obiter
1545 2659 1880 2738 utrumque
1902 2651 2242 2734 conferenti
2267 2651 2476 2737 liquet,
2489 2671 2630 2715 cum
2653 2653 2720 2714 in
2746 2651 2872 2716 illis
2894 2654 3212 2740 quinqua-

735 2753 916 2837 qinta
944 2759 999 2817 et
1027 2751 1265 2837 aliquot
1293 2751 1445 2817 locis
1474 2753 1567 2816 ita
1592 2751 1859 2834 fideliter
1903 2750 2275 2833 Wolflzardi
2303 2758 2536 2815 textum
2566 2751 2656 2815 ad
2677 2752 2925 2816 verbum
2954 2773 3217 2838 reprae-

740 2858 949 2932 sentet,
977 2858 1047 2915 ut
1073 2853 1261 2915 etiam
1290 2852 1629 2916 sententias
1649 2853 1825 2934 pias,
1850 2871 2013 2936 quas
2042 2851 2228 2914 veluti
2255 2850 2592 2934 proloqum
2626 2853 3034 2934 praemittere
3060 2842 3217 2919 solet

759 2948 1175 3034 Wolfltarclus
1225 2951 1337 3033 (4),
1387 2950 1638 3014 totidem
1689 2950 1887 3014 verbis
1929 2950 2329 3033 exscripserit
2371 2951 2486 3033 (5),
2544 2951 2698 3035 quin
2738 2952 2926 3014 etiam
2976 2952 3215 3016 alicubi

742 3048 1174 3115 laudationem
1204 3049 1435 3114 Felicis
1464 3051 1773 3134 martyris
1814 3049 2245 3114 Gerundensis
2273 3050 2524 3112 auxerit
2553 3049 2682 3113 loco
2712 3050 2818 3114 illo
2840 3050 3018 3115 Libri
3044 3070 3213 3134 pon·

744 3148 998 3216 tifiealis
1046 3148 1123 3213 de
1174 3148 1488 3232 Stephano
1539 3147 1632 3227 11,
1675 3151 1787 3234 qui
1836 3151 1904 3213 in
1950 3148 2342 3232 mai-qinibus
2379 3149 2610 3212 codicis
2658 3148 2770 3213 lat.
2814 3149 3216 3215 Monacensis

748 3249 953 3314 18100
979 3268 1178 3313 manu
1195 3250 1420 3333 prima
1439 3248 1704 3313 additus
1734 3254 1808 3330 et,
1834 3249 1997 3333 siqla
2028 3248 2194 3330 male
2216 3250 2525 3332 apposita,
2550 3248 2912 3332 desiqnatus
2939 3256 3030 3314 est
3049 3257 3216 3315 tam-

747 3367 938 3433 quam
968 3348 1079 3433 qui
1098 3347 1174 3412 de
1205 3343 1407 3412 Felice
1451 3347 1853 3412 Gerundensi
1880 3349 2156 3431 scriptus
2196 3349 2280 3411 sit
2307 3348 2419 3431 (6).
2449 3345 2719 3431 Insuper
2747 3349 2816 3411 in
2856 3348 2972 3412 hoc
3011 3348 3217 3432 Wolf-

745 3444 1022 3511 hardum
1043 3453 1287 3511 secutus
1312 3454 1400 3510 est
1428 3444 1813 3531 Leyendarii
1840 3446 2142 3528 collector,
2175 3453 2247 3511 ut
2281 3444 2461 3510 Vitas
2489 3447 2939 3511 nonnullorum
2968 3457 3219 3513 sancto-

748 3565 894 3609 rum
915 3548 971 3610 ei
989 3543 1412 3610 kalendarum
1432 3544 1561 3609 diei
1579 3547 1954 3631 assiqnaret,
1970 3566 2090 3630 quo
2115 3547 2181 3609 in
2202 3545 2330 3611 solo
2361 3546 2811 3631 martyroloqio
2843 3546 3214 3630 Wolfharcli

747 3643 1001 3708 illorum
1030 3651 1393 3709 sanctorum
1432 3646 1693 3709 nomina
1734 3646 2046 3731 inscripta
2090 3651 2257 3726 sunt,
2299 3644 2455 3708 dum
2500 3644 2650 3709 aliis
2680 3664 2953 3728 prorsus
2994 3646 3213 3712 diebus

748 3743 817 3805 in
844 3744 1057 3807 ceteris
1085 3744 1557 3829 martyroloqiis
1583 3752 1639 3808 et
1665 3745 1736 3807 in
1763 3747 1900 3829 ipso
1939 3743 2336 3829 Legendario
2363 3745 2689 3808 austriaco
2717 3751 3134 3811 recensentur.

835 3840 1046 3928 Neque
1065 3842 1278 3907 eadem
1299 3864 1374 3908 ex
1400 3843 1767 3925 Wolfhardi
1788 3843 2240 3928 martyroloqio
2262 3843 2609 3926 desumpsit
2621 3842 2904 3908 collector
2917 3844 3218 3929 bavarus,

747 3961 905 4026 quae
932 3944 1312 4006 austriacas.
1336 3940 1588 4006 Etenim
1615 3942 1861 4007 nullam
1892 3962 1968 4006 ex
1984 3940 2520 4026 praefationibus,
2554 3962 2712 4026 quae
2739 3943 3010 4027 sinqulis
3036 3943 3220 4009 libris

747 4041 1523 4126 martyroloyiipraefixae
1541 4047 1707 4121 sunt,
1730 4042 1909 4106 nulla
1931 4042 2121 4105 etiam
2143 4047 2430 4124 excerpta
2451 4056 2527 4104 ex
2548 4041 2997 4126 martyroloqio
3019 4042 3214 4110 hiero·

745 4140 1051 4224 nymiano
1094 4140 1442 4224 exscripsit.
1471 4138 1557 4204 Et
1587 4142 1871 4225 quamvis
1899 4139 2209 4225 quaedam
2251 4138 2427 4203 Vitae
2456 4137 2971 4205 Passionesv‘e‘ex
3016 4141 3219 4226 Wolf-

745 4237 952 4303 hardo
965 4240 1032 4302 in
1048 4245 1196 4302 utra
1204 4258 1381 4323 mque
1397 4238 1828 4324 leyendarium
1850 4239 2239 4318 transierint,
2255 4238 2446 4302 multo
2462 4245 2526 4301 ta
2534 4259 2670 4302 men
2674 4238 2749 4322 pl
2755 4259 2895 4303 ures
2908 4260 3222 4306 recensere

748 4345 854 4421 est,
881 4358 1037 4424 quae
1063 4338 1153 4402 vel
1178 4339 1314 4403 sola
1344 4339 1611 4403 collectio
1640 4339 1966 4402 austriaca
1987 4338 2102 4424 (7),
2134 4337 2223 4402 vel
2248 4338 2385 4401 sola
2416 4337 2714 4402 bavarica
2739 4339 2834 4423 (8)
2857 4339 3215 4406 acl-miserit.

813 4538 886 4602 (1)
907 4536 1200 4605 catalogus
1223 4537 1483 4591 abbatum
1506 4534 2041 4604 Windbergensium,
2081 4535 2229 4599 Ma..
2260 4535 2375 4589 Ser.
2400 4538 2441 4590 t.
2477 4532 2621 4599 xm,
2661 4551 2715 4603 p.
2737 4534 2918 4599 752&
2959 4535 3222 4593 Necrolo-

745 4619 895 4688 sium
921 4620 1359 4690 windbergense‚
1383 4620 1523 4674 inter
1552 4619 1796 4673 Monam.
1820 4620 2008 4684 Boica,
2032 4622 2071 4672 t.
2093 4617 2231 4683 XIV,
2256 4635 2307 4687 p.
2339 4618 2421 4673 98.
2444 4646 2510 4657 -
2531 4618 2603 4682 (Ξ)
2638 4617 2828 4686 Supra,
2851 4635 2905 4687 p.
2947 4620 3031 4686 26,
3054 4621 3127 4674 6⁶.
3148 4648 3220 4661 —

746 4702 818 4769 (3)
841 4702 918 4758 cf.
941 4718 1122 4772 supra,
1145 4719 1195 4771 p.
1217 4704 1299 4768 26,
1321 4702 1393 4768 2⁰,
1416 4702 1493 4767 3⁰,
1522 4701 1597 4759 4⁰.
1622 4729 1686 4741 —
1708 4701 1785 4766 (4)
1811 4700 1891 4756 ct.
1921 4717 2102 4769 supra,
2124 4717 2179 4769 p.
2211 4701 2293 4755 22
2315 4728 2385 4740 —
2415 4701 2489 4766 (5)
2514 4700 2698 4755 Semel
2720 4700 3007 4756 dumtaxat
3028 4702 3224 4758 huius·

746 4786 897 4840 modi
920 4787 1211 4854 prologum
1234 4784 1618 4854 praetermisit3
1641 4783 1752 4838 vid.
1765 4783 1910 4838 infra
1934 4784 2071 4855 167⁰.
2085 4811 2155 4823 —
2170 4783 2244 4851 (6)
2267 4783 2345 4837 Cf.
2363 4799 2542 4851 supr-23
2567 4800 2620 4852 p.
2639 4784 2799 4838 18.—
2820 4785 2892 4849 (7)
2912 4784 3034 4839 Vid.
3050 4801 3226 4855 supra

746 4869 818 4923 ad
850 4869 902 4923 d.
938 4869 1002 4923 14
1033 4873 1086 4924 et
1111 4868 1172 4922 18
1201 4867 1325 4932 ian„
1346 4868 1396 4932 2,
1427 4868 1511 4930 20,
1531 4867 1613 4930 23,
1635 4866 1705 4921 24
1736 4866 1890 4931 febr„
1912 4866 1981 4921 21-
2002 4870 2058 4921 et
2088 4867 2152 4921 31
2179 4869 2357 4930 mart..
2382 4870 2503 4931 etc„
2536 4870 2640 4921 etc.
2662 4893 2733 4907 -
2751 4865 2827 4934 (8)
2852 4865 3134 4923 waiam.
3154 4868 3217 4922 in

742 4952 1014 5021 catalogo,
1031 4953 1106 5017 8⁰,
1133 4951 1235 5016 16⁶,
1252 4952 1359 5016 26⁰,
1374 4952 1486 5017 320,
1500 4952 1609 5016 49⁹,
1634 4951 1745 5016 510,
1765 4950 1875 5015 53⁰,
1890 4951 1999 5015 55⁹,
2023 4953 2126 5004 etc.
