<?xml version="1.0" encoding="UTF-8"?>
<!DOCTYPE html PUBLIC "-//W3C//DTD XHTML 1.0 Transitional//EN"
    "http://www.w3.org/TR/xhtml1/DTD/xhtml1-transitional.dtd">
<html xmlns="http://www.w3.org/1999/xhtml" xml:lang="en" lang="en">
 <head>
  <title>
</title>
<meta http-equiv="Content-Type" content="text/html;charset=utf-8" />
  <meta name='ocr-system' content='tesseract 3.04.00' />
  <meta name='ocr-capabilities' content='ocr_page ocr_carea ocr_par ocr_line ocrx_word'/>
</head>
<body>
  <div class='ocr_page' id='page_1' title='image "analectabolland01bollgoog_0146.png"; bbox 0 0 3487 5450; ppageno 0'>
   <div class='ocr_carea' id='block_1_1' title="bbox 765 586 2657 663">
    <p class='ocr_par' dir='ltr' id='par_1_1' title="bbox 765 586 2657 663">
     <span class='ocr_line' id='line_1_1' title="bbox 765 586 2657 663; baseline -0.001 -2"><span class='ocrx_word' id='word_1_1' title='bbox 765 586 905 663; x_wconf 84' lang='lat'><strong>136</strong></span> <span class='ocrx_word' id='word_1_2' title='bbox 1314 606 1403 659; x_wconf 73' lang='lat' dir='ltr'><strong>ni:</strong></span> <span class='ocrx_word' id='word_1_3' title='bbox 1454 606 1696 659; x_wconf 65' lang='lat' dir='ltr'><strong>naono</strong></span> <span class='ocrx_word' id='word_1_4' title='bbox 1748 606 2190 661; x_wconf 59' lang='lat' dir='ltr'><strong>pessumam</strong></span> <span class='ocrx_word' id='word_1_5' title='bbox 2241 606 2657 659; x_wconf 72' lang='lat' dir='ltr'><strong>AusrmAcO.</strong></span> 
     </span>
    </p>
   </div>
   <div class='ocr_carea' id='block_1_2' title="bbox 753 795 3323 2054">
    <p class='ocr_par' dir='ltr' id='par_1_2' title="bbox 754 795 3323 1259">
     <span class='ocr_line' id='line_1_2' title="bbox 757 795 3226 865; baseline 0 -14"><span class='ocrx_word' id='word_1_6' title='bbox 757 801 994 851; x_wconf 87' lang='lat' dir='ltr'><strong>mortem</strong></span> <span class='ocrx_word' id='word_1_7' title='bbox 1011 796 1187 851; x_wconf 81' lang='lat' dir='ltr'><strong>sancti</strong></span> <span class='ocrx_word' id='word_1_8' title='bbox 1202 800 1356 865; x_wconf 79' lang='lat' dir='ltr'><strong>gesta</strong></span> <span class='ocrx_word' id='word_1_9' title='bbox 1371 800 1592 863; x_wconf 82' lang='lat' dir='ltr'><strong>sunt,—</strong></span> <span class='ocrx_word' id='word_1_10' title='bbox 1605 800 1791 851; x_wconf 88' lang='lat' dir='ltr'><strong>utrum</strong></span> <span class='ocrx_word' id='word_1_11' title='bbox 1808 812 1939 850; x_wconf 88' lang='lat' dir='ltr'><strong>vero</strong></span> <span class='ocrx_word' id='word_1_12' title='bbox 1956 795 2095 851; x_wconf 79' lang='lat' dir='ltr'><strong>haec</strong></span> <span class='ocrx_word' id='word_1_13' title='bbox 2113 796 2287 851; x_wconf 91' lang='lat' dir='ltr'><strong>multo</strong></span> <span class='ocrx_word' id='word_1_14' title='bbox 2303 812 2376 851; x_wconf 87' lang='lat' dir='ltr'><strong>an</strong></span> <span class='ocrx_word' id='word_1_15' title='bbox 2391 796 2556 865; x_wconf 86' lang='lat' dir='ltr'><strong>paulo</strong></span> <span class='ocrx_word' id='word_1_16' title='bbox 2574 799 2701 865; x_wconf 86' lang='lat' dir='ltr'><strong>post</strong></span> <span class='ocrx_word' id='word_1_17' title='bbox 2716 799 2954 851; x_wconf 84' lang='lat' dir='ltr'><strong>mortem</strong></span> <span class='ocrx_word' id='word_1_18' title='bbox 2974 801 3226 865; x_wconf 85' lang='lat' dir='ltr'><strong>tempore</strong></span> 
     </span>
     <span class='ocr_line' id='line_1_3' title="bbox 755 878 3323 963; baseline -0.001 -14"><span class='ocrx_word' id='word_1_19' title='bbox 755 878 1068 960; x_wconf 81' lang='lat' dir='ltr'><strong>acciderint,</strong></span> <span class='ocrx_word' id='word_1_20' title='bbox 1116 895 1224 949; x_wconf 84' lang='lat' dir='ltr'><strong>hoc</strong></span> <span class='ocrx_word' id='word_1_21' title='bbox 1267 895 1392 949; x_wconf 87' lang='lat' dir='ltr'><strong>loco</strong></span> <span class='ocrx_word' id='word_1_22' title='bbox 1437 894 1662 949; x_wconf 89' lang='lat' dir='ltr'><strong>minime</strong></span> <span class='ocrx_word' id='word_1_23' title='bbox 1698 893 1879 956; x_wconf 84' lang='lat' dir='ltr'><strong>tradit,</strong></span> <span class='ocrx_word' id='word_1_24' title='bbox 1917 922 1985 934; x_wconf 89' lang='lat'>-</span> <span class='ocrx_word' id='word_1_25' title='bbox 2027 910 2088 948; x_wconf 83' lang='lat' dir='ltr'><strong>se</strong></span> <span class='ocrx_word' id='word_1_26' title='bbox 2123 897 2474 949; x_wconf 86' lang='lat' dir='ltr'><strong>narraturum</strong></span> <span class='ocrx_word' id='word_1_27' title='bbox 2532 879 2780 961; x_wconf 83' lang='lat' dir='ltr'><strong>testatur,</strong></span> <span class='ocrx_word' id='word_1_28' title='bbox 2814 897 2982 963; x_wconf 91' lang='lat' dir='ltr'><strong>prout</strong></span> <span class='ocrx_word' id='word_1_29' title='bbox 3044 910 3112 949; x_wconf 86' lang='lat' dir='ltr'><strong>ea</strong></span> <span class='ocrx_word' id='word_1_30' title='bbox 3147 895 3226 949; x_wconf 78' lang='lat' dir='ltr'><strong>vel</strong></span> <span class='ocrx_word' id='word_1_31' title='bbox 3320 888 3323 890; x_wconf 67' lang='grc'><strong>’</strong></span> 
     </span>
     <span class='ocr_line' id='line_1_4' title="bbox 755 993 3226 1061; baseline -0.001 -12"><span class='ocrx_word' id='word_1_32' title='bbox 755 998 960 1049; x_wconf 69' lang='lat' dir='ltr'><strong>nostris</strong></span> <span class='ocrx_word' id='word_1_33' title='bbox 989 995 1222 1047; x_wconf 67' lang='lat' dir='ltr'><strong>vidimus</strong></span> <span class='ocrx_word' id='word_1_34' title='bbox 1257 996 1441 1061; x_wconf 69' lang='lat' dir='ltr'><strong>oeulis,</strong></span> <span class='ocrx_word' id='word_1_35' title='bbox 1474 996 1553 1048; x_wconf 78' lang='lat' dir='ltr'><strong>vel</strong></span> <span class='ocrx_word' id='word_1_36' title='bbox 1585 994 1820 1047; x_wconf 63' lang='lat' dir='ltr'><strong>auribus</strong></span> <span class='ocrx_word' id='word_1_37' title='bbox 1848 994 2183 1057; x_wconf 60' lang='lat' dir='ltr'><strong>audebimus,</strong></span> <span class='ocrx_word' id='word_1_38' title='bbox 2220 993 2295 1046; x_wconf 80' lang='lat' dir='ltr'><strong>vel</strong></span> <span class='ocrx_word' id='word_1_39' title='bbox 2323 1001 2510 1061; x_wconf 72' lang='lat' dir='ltr'><strong>patrea</strong></span> <span class='ocrx_word' id='word_1_40' title='bbox 2542 996 2720 1049; x_wconf 67' lang='grc' dir='ltr'><em>ηοεενί</em></span> <span class='ocrx_word' id='word_1_41' title='bbox 2748 996 3226 1048; x_wconf 75' lang='lat' dir='ltr'><strong>annuntiaverunt</strong></span> 
     </span>
     <span class='ocr_line' id='line_1_5' title="bbox 754 1091 3226 1162; baseline 0 -14"><span class='ocrx_word' id='word_1_42' title='bbox 754 1094 926 1149; x_wconf 68' lang='lat' dir='ltr'><strong>nobis.</strong></span> <span class='ocrx_word' id='word_1_43' title='bbox 965 1093 1202 1148; x_wconf 90' lang='lat' dir='ltr'><strong>Demum</strong></span> <span class='ocrx_word' id='word_1_44' title='bbox 1237 1109 1304 1147; x_wconf 89' lang='lat' dir='ltr'><strong>ea</strong></span> <span class='ocrx_word' id='word_1_45' title='bbox 1334 1108 1475 1162; x_wconf 82' lang='lat' dir='ltr'><strong>quae</strong></span> <span class='ocrx_word' id='word_1_46' title='bbox 1513 1092 1683 1148; x_wconf 90' lang='lat' dir='ltr'><strong>oculis</strong></span> <span class='ocrx_word' id='word_1_47' title='bbox 1717 1092 1833 1147; x_wconf 82' lang='lat' dir='ltr'><strong>suis</strong></span> <span class='ocrx_word' id='word_1_48' title='bbox 1873 1091 2009 1146; x_wconf 86' lang='lat' dir='ltr'><strong>vidit</strong></span> <span class='ocrx_word' id='word_1_49' title='bbox 2048 1093 2171 1147; x_wconf 88' lang='lat' dir='ltr'><strong>loco</strong></span> <span class='ocrx_word' id='word_1_50' title='bbox 2210 1093 2318 1146; x_wconf 88' lang='lat' dir='ltr'><strong>iam</strong></span> <span class='ocrx_word' id='word_1_51' title='bbox 2352 1108 2517 1159; x_wconf 86' lang='lat' dir='ltr'><strong>supra</strong></span> <span class='ocrx_word' id='word_1_52' title='bbox 2555 1098 2868 1147; x_wconf 88' lang='lat' dir='ltr'><strong>memorato</strong></span> <span class='ocrx_word' id='word_1_53' title='bbox 2914 1092 3226 1148; x_wconf 83' lang='lat' dir='ltr'><strong>distinctius</strong></span> 
     </span>
     <span class='ocr_line' id='line_1_6' title="bbox 756 1188 2149 1259; baseline -0.001 -14"><span class='ocrx_word' id='word_1_54' title='bbox 756 1189 1018 1259; x_wconf 81' lang='lat' dir='ltr'><strong>designat,</strong></span> <span class='ocrx_word' id='word_1_55' title='bbox 1035 1190 1293 1245; x_wconf 89' lang='lat' dir='ltr'><strong>nimirum</strong></span> <span class='ocrx_word' id='word_1_56' title='bbox 1312 1189 1650 1259; x_wconf 83' lang='lat' dir='ltr'><strong>triumphum</strong></span> <span class='ocrx_word' id='word_1_57' title='bbox 1673 1189 1728 1243; x_wconf 91' lang='lat' dir='ltr'><strong>S.</strong></span> <span class='ocrx_word' id='word_1_58' title='bbox 1752 1188 2034 1244; x_wconf 79' lang='lat' dir='ltr'><strong>Lamberti</strong></span> <span class='ocrx_word' id='word_1_59' title='bbox 2054 1189 2149 1257; x_wconf 87' lang='lat'><strong>(1).</strong></span> 
     </span>
    </p>

    <p class='ocr_par' dir='ltr' id='par_1_3' title="bbox 753 1277 3229 2054">
     <span class='ocr_line' id='line_1_7' title="bbox 823 1277 3220 1359; baseline -0 -15"><span class='ocrx_word' id='word_1_60' title='bbox 823 1290 904 1345; x_wconf 87' lang='lat' dir='ltr'><strong>De</strong></span> <span class='ocrx_word' id='word_1_61' title='bbox 924 1291 1042 1358; x_wconf 84' lang='lat' dir='ltr'><strong>ipso</strong></span> <span class='ocrx_word' id='word_1_62' title='bbox 1063 1293 1247 1344; x_wconf 84' lang='lat' dir='ltr'><strong>autem</strong></span> <span class='ocrx_word' id='word_1_63' title='bbox 1267 1293 1457 1344; x_wconf 87' lang='lat' dir='ltr'><strong>sancto</strong></span> <span class='ocrx_word' id='word_1_64' title='bbox 1475 1277 1802 1358; x_wconf 84' lang='lat' dir='ltr'><strong>paucissima</strong></span> <span class='ocrx_word' id='word_1_65' title='bbox 1832 1292 1982 1343; x_wconf 90' lang='lat' dir='ltr'><strong>certo</strong></span> <span class='ocrx_word' id='word_1_66' title='bbox 2008 1293 2291 1358; x_wconf 84' lang='lat' dir='ltr'><strong>comperta</strong></span> <span class='ocrx_word' id='word_1_67' title='bbox 2313 1288 2603 1343; x_wconf 87' lang='lat' dir='ltr'><strong>babemus.</strong></span> <span class='ocrx_word' id='word_1_68' title='bbox 2627 1288 2971 1343; x_wconf 84' lang='lat' dir='ltr'><strong>Recensetur</strong></span> <span class='ocrx_word' id='word_1_69' title='bbox 2995 1289 3220 1359; x_wconf 89' lang='lat' dir='ltr'><strong>quidem</strong></span> 
     </span>
     <span class='ocr_line' id='line_1_8' title="bbox 754 1387 3224 1458; baseline 0 -14"><span class='ocrx_word' id='word_1_70' title='bbox 754 1388 1158 1458; x_wconf 80' lang='lat' dir='ltr'><strong>ingenealogiis</strong></span> <span class='ocrx_word' id='word_1_71' title='bbox 1179 1393 1495 1444; x_wconf 88' lang='lat' dir='ltr'><strong>sanctorum</strong></span> <span class='ocrx_word' id='word_1_72' title='bbox 1519 1387 1925 1444; x_wconf 86' lang='lat' dir='ltr'><strong>hibernicorum</strong></span> <span class='ocrx_word' id='word_1_73' title='bbox 1948 1389 1999 1443; x_wconf 90' lang='lat' dir='ltr'><strong>S.</strong></span> <span class='ocrx_word' id='word_1_74' title='bbox 2020 1388 2357 1444; x_wconf 75' lang='lat' dir='ltr'><strong>Mochulleus</strong></span> <span class='ocrx_word' id='word_1_75' title='bbox 2390 1389 2532 1444; x_wconf 84' lang='lat' dir='ltr'><strong>filius</strong></span> <span class='ocrx_word' id='word_1_76' title='bbox 2558 1388 2775 1444; x_wconf 84' lang='lat' dir='ltr'><strong>Dichuil</strong></span> <span class='ocrx_word' id='word_1_77' title='bbox 2794 1389 2884 1456; x_wconf 70' lang='grc'><strong>(9),</strong></span> <span class='ocrx_word' id='word_1_78' title='bbox 2906 1405 3077 1458; x_wconf 88' lang='lat' dir='ltr'><strong>quem</strong></span> <span class='ocrx_word' id='word_1_79' title='bbox 3102 1405 3224 1444; x_wconf 57' lang='lat' dir='ltr'><strong>ease</strong></span> 
     </span>
     <span class='ocr_line' id='line_1_9' title="bbox 753 1487 3224 1558; baseline -0 -14"><span class='ocrx_word' id='word_1_80' title='bbox 753 1493 1006 1544; x_wconf 86' lang='lat' dir='ltr'><strong>nostrum</strong></span> <span class='ocrx_word' id='word_1_81' title='bbox 1021 1487 1390 1543; x_wconf 75' lang='lat' dir='ltr'><strong>Mochulleum</strong></span> <span class='ocrx_word' id='word_1_82' title='bbox 1412 1487 1586 1542; x_wconf 85' lang='lat' dir='ltr'><strong>tilium</strong></span> <span class='ocrx_word' id='word_1_83' title='bbox 1606 1487 1810 1543; x_wconf 87' lang='lat' dir='ltr'><strong>Dicaldi</strong></span> <span class='ocrx_word' id='word_1_84' title='bbox 1828 1488 1971 1543; x_wconf 90' lang='lat' dir='ltr'><strong>ultro</strong></span> <span class='ocrx_word' id='word_1_85' title='bbox 1994 1488 2331 1543; x_wconf 80' lang='lat' dir='ltr'><strong>crediderim.</strong></span> <span class='ocrx_word' id='word_1_86' title='bbox 2348 1488 2549 1543; x_wconf 82' lang='lat' dir='ltr'><strong>Utrum</strong></span> <span class='ocrx_word' id='word_1_87' title='bbox 2569 1489 2718 1543; x_wconf 90' lang='lat' dir='ltr'><strong>idem</strong></span> <span class='ocrx_word' id='word_1_88' title='bbox 2739 1490 2832 1544; x_wconf 84' lang='lat' dir='ltr'><strong>ille</strong></span> <span class='ocrx_word' id='word_1_89' title='bbox 2847 1490 3013 1543; x_wconf 87' lang='lat' dir='ltr'><strong>etiam</strong></span> <span class='ocrx_word' id='word_1_90' title='bbox 3032 1488 3224 1558; x_wconf 85' lang='lat' dir='ltr'><strong>sit,qui</strong></span> 
     </span>
     <span class='ocr_line' id='line_1_10' title="bbox 754 1587 3227 1657; baseline 0 -13"><span class='ocrx_word' id='word_1_91' title='bbox 754 1587 1694 1656; x_wconf 79' lang='lat' dir='ltr'><strong>addiem12iuniiinmartyrologio</strong></span> <span class='ocrx_word' id='word_1_92' title='bbox 1732 1587 2087 1657; x_wconf 85' lang='lat' dir='ltr'><strong>Duugallensi</strong></span> <span class='ocrx_word' id='word_1_93' title='bbox 2120 1588 2516 1642; x_wconf 86' lang='lat' dir='ltr'><strong>annuntiatur:</strong></span> <span class='ocrx_word' id='word_1_94' title='bbox 2562 1589 2851 1643; x_wconf 73' lang='lat' dir='ltr'><strong>Mochm‘lle</strong></span> <span class='ocrx_word' id='word_1_95' title='bbox 2892 1592 2959 1656; x_wconf 79' lang='lat' dir='ltr'><strong>of</strong></span> <span class='ocrx_word' id='word_1_96' title='bbox 2992 1592 3227 1656; x_wconf 71' lang='lat' dir='ltr'><strong>Innatat,</strong></span> 
     </span>
     <span class='ocr_line' id='line_1_11' title="bbox 758 1688 3229 1759; baseline 0.001 -17"><span class='ocrx_word' id='word_1_97' title='bbox 758 1692 819 1743; x_wconf 67' lang='lat' dir='ltr'><strong>in</strong></span> <span class='ocrx_word' id='word_1_98' title='bbox 834 1688 1102 1743; x_wconf 65' lang='lat' dir='ltr'><strong>Romarm</strong></span> <span class='ocrx_word' id='word_1_99' title='bbox 1123 1688 1252 1749; x_wconf 75' lang='lat' dir='ltr'><strong>Fea,</strong></span> <span class='ocrx_word' id='word_1_100' title='bbox 1269 1689 1424 1753; x_wconf 73' lang='lat' dir='ltr'><strong>oftlee</strong></span> <span class='ocrx_word' id='word_1_101' title='bbox 1444 1705 1571 1743; x_wconf 69' lang='lat' dir='ltr'><strong>racc</strong></span> <span class='ocrx_word' id='word_1_102' title='bbox 1587 1690 1652 1753; x_wconf 75' lang='lat' dir='ltr'><strong>of</strong></span> <span class='ocrx_word' id='word_1_103' title='bbox 1668 1688 1901 1742; x_wconf 71' lang='lat' dir='ltr'><strong>Gaio-bre</strong></span> <span class='ocrx_word' id='word_1_104' title='bbox 1931 1688 2137 1751; x_wconf 73' lang='lat' dir='ltr'><strong>Binda,</strong></span> <span class='ocrx_word' id='word_1_105' title='bbox 2156 1705 2253 1744; x_wconf 72' lang='lat' dir='ltr'><strong>son</strong></span> <span class='ocrx_word' id='word_1_106' title='bbox 2270 1690 2337 1754; x_wconf 77' lang='lat' dir='ltr'><strong>of</strong></span> <span class='ocrx_word' id='word_1_107' title='bbox 2351 1689 2585 1743; x_wconf 75' lang='lat' dir='ltr'><strong>Conaire</strong></span> <span class='ocrx_word' id='word_1_108' title='bbox 2600 1688 2687 1755; x_wconf 85' lang='lat'><strong>(3),</strong></span> <span class='ocrx_word' id='word_1_109' title='bbox 2704 1689 2853 1757; x_wconf 88' lang='lat' dir='ltr'><strong>quod</strong></span> <span class='ocrx_word' id='word_1_110' title='bbox 2871 1688 3124 1759; x_wconf 80' lang='lat' dir='ltr'><strong>opinatus</strong></span> <span class='ocrx_word' id='word_1_111' title='bbox 3143 1694 3229 1745; x_wconf 61' lang='lat' dir='ltr'><strong>eet</strong></span> 
     </span>
     <span class='ocr_line' id='line_1_12' title="bbox 755 1785 3226 1856; baseline 0.001 -15"><span class='ocrx_word' id='word_1_112' title='bbox 755 1803 810 1851; x_wconf 82' lang='lat' dir='ltr'><strong>v,</strong></span> <span class='ocrx_word' id='word_1_113' title='bbox 817 1787 870 1841; x_wconf 90' lang='lat' dir='ltr'><strong>d.</strong></span> <span class='ocrx_word' id='word_1_114' title='bbox 893 1786 1167 1841; x_wconf 82' lang='lat' dir='ltr'><strong>lohannes</strong></span> <span class='ocrx_word' id='word_1_115' title='bbox 1190 1785 1252 1841; x_wconf 93' lang='grc' dir='ltr'>Ο</span> <span class='ocrx_word' id='word_1_116' title='bbox 1266 1786 1483 1841; x_wconf 87' lang='lat' dir='ltr'><strong>Hanlon</strong></span> <span class='ocrx_word' id='word_1_117' title='bbox 1501 1786 1588 1852; x_wconf 76' lang='lat'><strong>(4),</strong></span> <span class='ocrx_word' id='word_1_118' title='bbox 1606 1802 1829 1856; x_wconf 87' lang='lat' dir='ltr'><strong>prorsus</strong></span> <span class='ocrx_word' id='word_1_119' title='bbox 1851 1786 2126 1842; x_wconf 80' lang='lat' dir='ltr'><strong>affirmare</strong></span> <span class='ocrx_word' id='word_1_120' title='bbox 2149 1803 2260 1841; x_wconf 89' lang='lat' dir='ltr'><strong>non</strong></span> <span class='ocrx_word' id='word_1_121' title='bbox 2282 1786 2569 1842; x_wconf 85' lang='lat' dir='ltr'><strong>audemus.</strong></span> <span class='ocrx_word' id='word_1_122' title='bbox 2588 1786 2760 1842; x_wconf 73' lang='lat' dir='ltr'><strong>Multo</strong></span> <span class='ocrx_word' id='word_1_123' title='bbox 2782 1788 2966 1843; x_wconf 87' lang='lat' dir='ltr'><strong>minus</strong></span> <span class='ocrx_word' id='word_1_124' title='bbox 2989 1787 3045 1843; x_wconf 89' lang='lat' dir='ltr'><strong>id</strong></span> <span class='ocrx_word' id='word_1_125' title='bbox 3066 1789 3226 1844; x_wconf 85' lang='lat' dir='ltr'><strong>nobis</strong></span> 
     </span>
     <span class='ocr_line' id='line_1_13' title="bbox 754 1884 3227 1986; baseline 0.002 -46"><span class='ocrx_word' id='word_1_126' title='bbox 754 1885 1105 1949; x_wconf 79' lang='lat' dir='ltr'><strong>assumimus,</strong></span> <span class='ocrx_word' id='word_1_127' title='bbox 1129 1889 1189 1939; x_wconf 91' lang='lat' dir='ltr'><strong>ut</strong></span> <span class='ocrx_word' id='word_1_128' title='bbox 1207 1884 1394 1954; x_wconf 86' lang='lat' dir='ltr'><strong>paucis</strong></span> <span class='ocrx_word' id='word_1_129' title='bbox 1417 1884 1709 1941; x_wconf 83' lang='lat' dir='ltr'><strong>hominum</strong></span> <span class='ocrx_word' id='word_1_130' title='bbox 1733 1885 2065 1951; x_wconf 87' lang='lat' dir='ltr'><strong>nominibus,</strong></span> <span class='ocrx_word' id='word_1_131' title='bbox 2084 1903 2226 1956; x_wconf 84' lang='lat' dir='ltr'><strong>quae</strong></span> <span class='ocrx_word' id='word_1_132' title='bbox 2245 1886 2300 1941; x_wconf 93' lang='lat' dir='ltr'><strong>in</strong></span> <span class='ocrx_word' id='word_1_133' title='bbox 2326 1886 2578 1941; x_wconf 76' lang='lat' dir='ltr'><strong>fabulosa</strong></span> <span class='ocrx_word' id='word_1_134' title='bbox 2599 1887 2773 1941; x_wconf 86' lang='lat' dir='ltr'><strong>sancti</strong></span> <span class='ocrx_word' id='word_1_135' title='bbox 2798 1886 2921 1942; x_wconf 83' lang='lat' dir='ltr'><strong>Vita</strong></span> <span class='ocrx_word' id='word_1_136' title='bbox 2947 1888 3227 1986; x_wconf 76' lang='lat' dir='ltr'><strong>leguntur,</strong></span> 
     </span>
     <span class='ocr_line' id='line_1_14' title="bbox 756 1984 2273 2054; baseline 0.001 -15"><span class='ocrx_word' id='word_1_137' title='bbox 756 1984 984 2039; x_wconf 78' lang='lat' dir='ltr'><strong>definire</strong></span> <span class='ocrx_word' id='word_1_138' title='bbox 1006 1998 1273 2038; x_wconf 89' lang='lat' dir='ltr'><strong>conemur</strong></span> <span class='ocrx_word' id='word_1_139' title='bbox 1289 1999 1400 2054; x_wconf 89' lang='lat' dir='ltr'><strong>quo</strong></span> <span class='ocrx_word' id='word_1_140' title='bbox 1423 1990 1672 2054; x_wconf 86' lang='lat' dir='ltr'><strong>tempore</strong></span> <span class='ocrx_word' id='word_1_141' title='bbox 1689 1985 1886 2039; x_wconf 80' lang='lat' dir='ltr'><strong>vixerit</strong></span> <span class='ocrx_word' id='word_1_142' title='bbox 1910 1985 2273 2041; x_wconf 79' lang='lat' dir='ltr'><strong>Mochulleus.</strong></span> 
     </span>
    </p>
   </div>
   <div class='ocr_carea' id='block_1_3' title="bbox 902 2190 3082 2357">
    <p class='ocr_par' dir='ltr' id='par_1_4' title="bbox 902 2190 3082 2357">
     <span class='ocr_line' id='line_1_15' title="bbox 902 2190 3082 2273; baseline -0.001 -12"><span class='ocrx_word' id='word_1_143' title='bbox 902 2200 1160 2273; x_wconf 80' lang='lat' dir='ltr'><strong>Incipit</strong></span> <span class='ocrx_word' id='word_1_144' title='bbox 1176 2198 1194 2235; x_wconf 83' lang='lat'><em>¹</em></span> <span class='ocrx_word' id='word_1_145' title='bbox 1242 2202 1581 2273; x_wconf 75' lang='lat' dir='ltr'><strong>prologus</strong></span> <span class='ocrx_word' id='word_1_146' title='bbox 1620 2198 1699 2258; x_wconf 78' lang='lat' dir='ltr'><strong>in</strong></span> <span class='ocrx_word' id='word_1_147' title='bbox 1736 2198 1982 2259; x_wconf 77' lang='lat' dir='ltr'><strong>Vitam</strong></span> <span class='ocrx_word' id='word_1_148' title='bbox 2023 2192 2297 2258; x_wconf 76' lang='lat' dir='ltr'><strong>sancti²</strong></span> <span class='ocrx_word' id='word_1_149' title='bbox 2339 2190 2720 2259; x_wconf 72' lang='lat' dir='ltr'><strong>Moch‘uuei</strong></span> <span class='ocrx_word' id='word_1_150' title='bbox 2762 2198 3082 2272; x_wconf 76' lang='lat' dir='ltr'><strong>episcopi</strong></span> 
     </span>
     <span class='ocr_line' id='line_1_16' title="bbox 1658 2292 2317 2357; baseline 0 0"><span class='ocrx_word' id='word_1_151' title='bbox 1658 2292 1771 2357; x_wconf 58' lang='grc' dir='ltr'><strong>αι’</strong></span> <span class='ocrx_word' id='word_1_152' title='bbox 1819 2296 2249 2357; x_wconf 76' lang='lat' dir='ltr'><strong>contessoris</strong></span> <span class='ocrx_word' id='word_1_153' title='bbox 2268 2292 2317 2357; x_wconf 76' lang='lat'><strong>².</strong></span> 
     </span>
    </p>
   </div>
   <div class='ocr_carea' id='block_1_4' title="bbox 721 2458 3343 4329">
    <p class='ocr_par' dir='ltr' id='par_1_5' title="bbox 721 2458 3343 4329">
     <span class='ocr_line' id='line_1_17' title="bbox 836 2458 3231 2547; baseline -0.001 -19"><span class='ocrx_word' id='word_1_154' title='bbox 836 2462 905 2529; x_wconf 89' lang='lat' dir='ltr'><strong>Si</strong></span> <span class='ocrx_word' id='word_1_155' title='bbox 947 2461 1092 2547; x_wconf 91' lang='lat' dir='ltr'><strong>quis</strong></span> <span class='ocrx_word' id='word_1_156' title='bbox 1129 2461 1403 2544; x_wconf 89' lang='lat' dir='ltr'><strong>insignia</strong></span> <span class='ocrx_word' id='word_1_157' title='bbox 1445 2463 1510 2525; x_wconf 89' lang='lat' dir='ltr'><strong>et</strong></span> <span class='ocrx_word' id='word_1_158' title='bbox 1556 2458 1894 2543; x_wconf 88' lang='lat' dir='ltr'><strong>praeclara</strong></span> <span class='ocrx_word' id='word_1_159' title='bbox 1940 2463 2315 2525; x_wconf 84' lang='lat' dir='ltr'><strong>sanctorum</strong></span> <span class='ocrx_word' id='word_1_160' title='bbox 2364 2459 2706 2525; x_wconf 81' lang='lat' dir='ltr'><strong>illustrium</strong></span> <span class='ocrx_word' id='word_1_161' title='bbox 2741 2459 3181 2544; x_wconf 88' lang='lat' dir='ltr'><strong>mirandaque</strong></span> <span class='ocrx_word' id='word_1_162' title='bbox 3202 2461 3231 2500; x_wconf 80' lang='lat'>³</span> 
     </span>
     <span class='ocr_line' id='line_1_18' title="bbox 755 2557 3229 2642; baseline -0.001 -14"><span class='ocrx_word' id='word_1_163' title='bbox 755 2562 1084 2640; x_wconf 85' lang='lat' dir='ltr'><strong>miracula,</strong></span> <span class='ocrx_word' id='word_1_164' title='bbox 1108 2580 1258 2626; x_wconf 91' lang='lat' dir='ltr'><strong>cum</strong></span> <span class='ocrx_word' id='word_1_165' title='bbox 1285 2580 1356 2626; x_wconf 92' lang='lat' dir='ltr'><strong>se</strong></span> <span class='ocrx_word' id='word_1_166' title='bbox 1385 2558 1707 2625; x_wconf 86' lang='lat' dir='ltr'><strong>scribendi</strong></span> <span class='ocrx_word' id='word_1_167' title='bbox 1736 2578 1817 2624; x_wconf 93' lang='lat' dir='ltr'><strong>ea</strong></span> <span class='ocrx_word' id='word_1_168' title='bbox 1843 2559 1968 2642; x_wconf 89' lang='lat' dir='ltr'><strong>piis</strong></span> <span class='ocrx_word' id='word_1_169' title='bbox 1994 2558 2286 2642; x_wconf 88' lang='lat' dir='ltr'><strong>optanda</strong></span> <span class='ocrx_word' id='word_1_170' title='bbox 2305 2557 2579 2624; x_wconf 77' lang='lat' dir='ltr'><strong>facultas</strong></span> <span class='ocrx_word' id='word_1_171' title='bbox 2600 2560 2849 2642; x_wconf 80' lang='lat' dir='ltr'>ingerit,</span> <span class='ocrx_word' id='word_1_172' title='bbox 2872 2559 3054 2625; x_wconf 90' lang='lat' dir='ltr'><strong>velut</strong></span> <span class='ocrx_word' id='word_1_173' title='bbox 3085 2560 3229 2626; x_wconf 89' lang='lat' dir='ltr'><strong>ina-</strong></span> 
     </span>
     <span class='ocr_line' id='line_1_19' title="bbox 753 2658 3288 2744; baseline -0.004 -16"><span class='ocrx_word' id='word_1_174' title='bbox 753 2663 936 2728; x_wconf 90' lang='lat' dir='ltr'><strong>nium</strong></span> <span class='ocrx_word' id='word_1_175' title='bbox 975 2661 1456 2727; x_wconf 89' lang='lat' dir='ltr'><strong>oblectamenta</strong></span> <span class='ocrx_word' id='word_1_176' title='bbox 1497 2658 1867 2724; x_wconf 89' lang='lat' dir='ltr'><strong>fabularum</strong></span> <span class='ocrx_word' id='word_1_177' title='bbox 1907 2659 2182 2742; x_wconf 80' lang='lat' dir='ltr'><strong>ignavae</strong></span> <span class='ocrx_word' id='word_1_178' title='bbox 2229 2658 2467 2723; x_wconf 90' lang='lat' dir='ltr'><strong>mentis</strong></span> <span class='ocrx_word' id='word_1_179' title='bbox 2522 2662 2786 2744; x_wconf 83' lang='lat' dir='ltr'>torpore</span> <span class='ocrx_word' id='word_1_180' title='bbox 2845 2663 2912 2725; x_wconf 90' lang='lat' dir='ltr'><strong>et</strong></span> <span class='ocrx_word' id='word_1_181' title='bbox 2961 2659 3220 2725; x_wconf 89' lang='lat' dir='ltr'><strong>silentio</strong></span> <span class='ocrx_word' id='word_1_182' title='bbox 3253 2673 3288 2719; x_wconf 66' lang='grc' dir='ltr'><strong>υ</strong></span> 
     </span>
     <span class='ocr_line' id='line_1_20' title="bbox 753 2757 3222 2847; baseline -0 -19"><span class='ocrx_word' id='word_1_183' title='bbox 753 2765 1185 2847; x_wconf 80' lang='lat' dir='ltr'><strong>pertranseat,</strong></span> <span class='ocrx_word' id='word_1_184' title='bbox 1205 2759 1610 2844; x_wconf 72' lang='lat' dir='ltr'><strong>pigritantis⁴</strong></span> <span class='ocrx_word' id='word_1_185' title='bbox 1650 2757 1939 2824; x_wconf 82' lang='lat' dir='ltr'><strong>desidiae</strong></span> <span class='ocrx_word' id='word_1_186' title='bbox 1965 2778 2248 2825; x_wconf 87' lang='lat' dir='ltr'><strong>naevum</strong></span> <span class='ocrx_word' id='word_1_187' title='bbox 2273 2777 2694 2842; x_wconf 89' lang='lat' dir='ltr'><strong>nequaquam</strong></span> <span class='ocrx_word' id='word_1_188' title='bbox 2722 2759 2970 2838; x_wconf 87' lang='lat' dir='ltr'><strong>vitavit,</strong></span> <span class='ocrx_word' id='word_1_189' title='bbox 3013 2759 3222 2826; x_wconf 90' lang='lat' dir='ltr'><strong>immo</strong></span> 
     </span>
     <span class='ocr_line' id='line_1_21' title="bbox 753 2858 3223 2944; baseline -0.001 -16"><span class='ocrx_word' id='word_1_190' title='bbox 753 2861 972 2928; x_wconf 82' lang='lat' dir='ltr'><strong>livoris</strong></span> <span class='ocrx_word' id='word_1_191' title='bbox 1000 2865 1067 2927; x_wconf 89' lang='lat' dir='ltr'><strong>et</strong></span> <span class='ocrx_word' id='word_1_192' title='bbox 1091 2859 1535 2944; x_wconf 81' lang='lat' dir='ltr'><strong>neglegentiae</strong></span> <span class='ocrx_word' id='word_1_193' title='bbox 1560 2858 1914 2923; x_wconf 78' lang='lat' dir='ltr'><strong>mendam⁶</strong></span> <span class='ocrx_word' id='word_1_194' title='bbox 1946 2862 2287 2942; x_wconf 84' lang='lat' dir='ltr'><strong>tamquam</strong></span> <span class='ocrx_word' id='word_1_195' title='bbox 2315 2858 2673 2941; x_wconf 89' lang='lat' dir='ltr'><strong>perpetrati</strong></span> <span class='ocrx_word' id='word_1_196' title='bbox 2702 2858 2963 2925; x_wconf 89' lang='lat' dir='ltr'><strong>sceleris</strong></span> <span class='ocrx_word' id='word_1_197' title='bbox 2994 2865 3223 2927; x_wconf 88' lang='lat' dir='ltr'><strong>caute-</strong></span> 
     </span>
     <span class='ocr_line' id='line_1_22' title="bbox 746 2955 3225 3042; baseline -0.001 -14"><span class='ocrx_word' id='word_1_198' title='bbox 746 2961 923 3028; x_wconf 83' lang='lat' dir='ltr'><strong>rium</strong></span> <span class='ocrx_word' id='word_1_199' title='bbox 943 2959 1134 3027; x_wconf 81' lang='lat' dir='ltr'><strong>t‘ronti</strong></span> <span class='ocrx_word' id='word_1_200' title='bbox 1163 2978 1323 3024; x_wconf 88' lang='lat' dir='ltr'><strong>suae</strong></span> <span class='ocrx_word' id='word_1_201' title='bbox 1349 2958 1419 3023; x_wconf 91' lang='lat' dir='ltr'><strong>in</strong></span> <span class='ocrx_word' id='word_1_202' title='bbox 1449 2977 1686 3024; x_wconf 86' lang='lat' dir='ltr'><strong>aevum</strong></span> <span class='ocrx_word' id='word_1_203' title='bbox 1713 2957 2150 3040; x_wconf 81' lang='lat' dir='ltr'><strong>praescripsit.</strong></span> <span class='ocrx_word' id='word_1_204' title='bbox 2178 2955 2379 3022; x_wconf 90' lang='lat' dir='ltr'><strong>Prout</strong></span> <span class='ocrx_word' id='word_1_205' title='bbox 2406 2976 2694 3042; x_wconf 90' lang='lat' dir='ltr'><strong>namque</strong></span> <span class='ocrx_word' id='word_1_206' title='bbox 2709 2958 2737 2996; x_wconf 80' lang='lat'>⁸</span> <span class='ocrx_word' id='word_1_207' title='bbox 2768 2959 3082 3025; x_wconf 84' lang='lat' dir='ltr'><strong>micantia</strong></span> <span class='ocrx_word' id='word_1_208' title='bbox 3109 2959 3225 3026; x_wconf 73' lang='lat' dir='ltr'><strong>fir—</strong></span> 
     </span>
     <span class='ocr_line' id='line_1_23' title="bbox 754 3055 3223 3140; baseline -0 -14"><span class='ocrx_word' id='word_1_209' title='bbox 754 3058 1070 3127; x_wconf 85' lang='lat' dir='ltr'><strong>mamenti</strong></span> <span class='ocrx_word' id='word_1_210' title='bbox 1110 3058 1327 3124; x_wconf 85' lang='lat' dir='ltr'><strong>sidera</strong></span> <span class='ocrx_word' id='word_1_211' title='bbox 1381 3055 1732 3123; x_wconf 81' lang='lat' dir='ltr'><strong>elementis</strong></span> <span class='ocrx_word' id='word_1_212' title='bbox 1774 3056 2139 3140; x_wconf 81' lang='lat' dir='ltr'><strong>quibusque</strong></span> <span class='ocrx_word' id='word_1_213' title='bbox 2186 3055 2595 3122; x_wconf 79' lang='lat' dir='ltr'><strong>inferioribus</strong></span> <span class='ocrx_word' id='word_1_214' title='bbox 2651 3056 2740 3122; x_wconf 90' lang='lat' dir='ltr'><strong>ad</strong></span> <span class='ocrx_word' id='word_1_215' title='bbox 2797 3058 3223 3139; x_wconf 84' lang='lat' dir='ltr'><strong>expellendas</strong></span> 
     </span>
     <span class='ocr_line' id='line_1_24' title="bbox 753 3154 3325 3240; baseline -0.003 -14"><span class='ocrx_word' id='word_1_216' title='bbox 753 3159 1127 3226; x_wconf 89' lang='lat' dir='ltr'><strong>mundanae</strong></span> <span class='ocrx_word' id='word_1_217' title='bbox 1170 3156 1510 3223; x_wconf 86' lang='lat' dir='ltr'><strong>machinae</strong></span> <span class='ocrx_word' id='word_1_218' title='bbox 1541 3156 1849 3220; x_wconf 87' lang='lat' dir='ltr'><strong>tenebras</strong></span> <span class='ocrx_word' id='word_1_219' title='bbox 1876 3155 2098 3221; x_wconf 90' lang='lat' dir='ltr'><strong>lumen</strong></span> <span class='ocrx_word' id='word_1_220' title='bbox 2124 3154 2442 3221; x_wconf 67' lang='lat' dir='ltr'><strong>caeleste&#39;</strong></span> <span class='ocrx_word' id='word_1_221' title='bbox 2469 3156 2658 3238; x_wconf 87' lang='lat' dir='ltr'><strong>longe</strong></span> <span class='ocrx_word' id='word_1_222' title='bbox 2685 3155 2951 3240; x_wconf 89' lang='lat' dir='ltr'><strong>lateque</strong></span> <span class='ocrx_word' id='word_1_223' title='bbox 2981 3157 3224 3224; x_wconf 82' lang='lat' dir='ltr'><strong>diffun-</strong></span> <span class='ocrx_word' id='word_1_224' title='bbox 3258 3168 3325 3219; x_wconf 67' lang='grc' dir='ltr'><strong>ιο</strong></span> 
     </span>
     <span class='ocr_line' id='line_1_25' title="bbox 756 3252 3225 3338; baseline -0.001 -14"><span class='ocrx_word' id='word_1_225' title='bbox 756 3258 937 3335; x_wconf 87' lang='lat' dir='ltr'><strong>dunt,</strong></span> <span class='ocrx_word' id='word_1_226' title='bbox 964 3257 1058 3322; x_wconf 87' lang='lat' dir='ltr'><strong>ita</strong></span> <span class='ocrx_word' id='word_1_227' title='bbox 1077 3254 1408 3321; x_wconf 87' lang='lat' dir='ltr'><strong>christiani</strong></span> <span class='ocrx_word' id='word_1_228' title='bbox 1426 3252 1707 3320; x_wconf 88' lang='lat' dir='ltr'><strong>nominis</strong></span> <span class='ocrx_word' id='word_1_229' title='bbox 1720 3252 1751 3291; x_wconf 82' lang='lat'><strong>⁸</strong></span> <span class='ocrx_word' id='word_1_230' title='bbox 1776 3271 2133 3335; x_wconf 88' lang='lat' dir='ltr'><strong>praecones</strong></span> <span class='ocrx_word' id='word_1_231' title='bbox 2154 3252 2369 3335; x_wconf 91' lang='lat' dir='ltr'><strong>ipsum</strong></span> <span class='ocrx_word' id='word_1_232' title='bbox 2390 3252 2830 3335; x_wconf 88' lang='lat' dir='ltr'><strong>praedicando</strong></span> <span class='ocrx_word' id='word_1_233' title='bbox 2859 3272 3072 3338; x_wconf 87' lang='lat' dir='ltr'><strong>usque</strong></span> <span class='ocrx_word' id='word_1_234' title='bbox 3102 3255 3225 3321; x_wconf 90' lang='lat' dir='ltr'><strong>sub</strong></span> 
     </span>
     <span class='ocr_line' id='line_1_26' title="bbox 757 3351 3231 3434; baseline -0.001 -11"><span class='ocrx_word' id='word_1_235' title='bbox 757 3360 1083 3424; x_wconf 86' lang='lat' dir='ltr'><strong>extremos</strong></span> <span class='ocrx_word' id='word_1_236' title='bbox 1124 3354 1300 3419; x_wconf 91' lang='lat' dir='ltr'><strong>orbis</strong></span> <span class='ocrx_word' id='word_1_237' title='bbox 1348 3352 1511 3418; x_wconf 83' lang='lat' dir='ltr'><strong>fines</strong></span> <span class='ocrx_word' id='word_1_238' title='bbox 1564 3351 1765 3417; x_wconf 88' lang='lat' dir='ltr'><strong>radiis</strong></span> <span class='ocrx_word' id='word_1_239' title='bbox 1810 3352 2104 3417; x_wconf 88' lang='lat' dir='ltr'><strong>internae</strong></span> <span class='ocrx_word' id='word_1_240' title='bbox 2154 3351 2307 3416; x_wconf 90' lang='lat' dir='ltr'><strong>fidei</strong></span> <span class='ocrx_word' id='word_1_241' title='bbox 2364 3351 2699 3434; x_wconf 81' lang='lat' dir='ltr'><strong>gentilium</strong></span> <span class='ocrx_word' id='word_1_242' title='bbox 2742 3353 2944 3418; x_wconf 90' lang='lat' dir='ltr'><strong>corda</strong></span> <span class='ocrx_word' id='word_1_243' title='bbox 2993 3353 3231 3420; x_wconf 88' lang='lat' dir='ltr'><strong>illumi-</strong></span> 
     </span>
     <span class='ocr_line' id='line_1_27' title="bbox 754 3448 3229 3536; baseline -0.002 -15"><span class='ocrx_word' id='word_1_244' title='bbox 754 3455 1146 3531; x_wconf 78' lang='lat' dir='ltr'><strong>naverunt⁹3</strong></span> <span class='ocrx_word' id='word_1_245' title='bbox 1166 3451 1341 3518; x_wconf 90' lang='lat' dir='ltr'><strong>unde</strong></span> <span class='ocrx_word' id='word_1_246' title='bbox 1367 3471 1488 3536; x_wconf 91' lang='lat' dir='ltr'><strong>per</strong></span> <span class='ocrx_word' id='word_1_247' title='bbox 1512 3449 1906 3534; x_wconf 90' lang='lat' dir='ltr'><strong>prophetam</strong></span> <span class='ocrx_word' id='word_1_248' title='bbox 1933 3450 2178 3515; x_wconf 88' lang='lat' dir='ltr'><strong>dictum</strong></span> <span class='ocrx_word' id='word_1_249' title='bbox 2208 3453 2348 3516; x_wconf 87' lang='lat' dir='ltr'><strong>est:</strong></span> <span class='ocrx_word' id='word_1_250' title='bbox 2376 3448 2455 3514; x_wconf 87' lang='lat' dir='ltr'><strong>In</strong></span> <span class='ocrx_word' id='word_1_251' title='bbox 2492 3470 2732 3516; x_wconf 78' lang='lat' dir='ltr'><strong>omnem</strong></span> <span class='ocrx_word' id='word_1_252' title='bbox 2761 3458 3005 3516; x_wconf 79' lang='lat' dir='ltr'><strong>terram</strong></span> <span class='ocrx_word' id='word_1_253' title='bbox 3036 3454 3229 3517; x_wconf 71' lang='lat' dir='ltr'><strong>exivit</strong></span> 
     </span>
     <span class='ocr_line' id='line_1_28' title="bbox 721 3547 3229 3633; baseline -0 -13"><span class='ocrx_word' id='word_1_254' title='bbox 721 3577 724 3578; x_wconf 44' lang='lat'><em>⁷</em></span> <span class='ocrx_word' id='word_1_255' title='bbox 757 3575 947 3620; x_wconf 70' lang='lat' dir='ltr'><strong>sonus</strong></span> <span class='ocrx_word' id='word_1_256' title='bbox 988 3572 1202 3618; x_wconf 84' lang='lat' dir='ltr'><strong>eorum</strong></span> <span class='ocrx_word' id='word_1_257' title='bbox 1231 3558 1286 3616; x_wconf 78' lang='lat' dir='ltr'><strong>et</strong></span> <span class='ocrx_word' id='word_1_258' title='bbox 1316 3552 1382 3614; x_wconf 81' lang='lat' dir='ltr'><strong>in</strong></span> <span class='ocrx_word' id='word_1_259' title='bbox 1405 3549 1564 3633; x_wconf 79' lang='lat' dir='ltr'><strong>fines</strong></span> <span class='ocrx_word' id='word_1_260' title='bbox 1604 3547 1775 3613; x_wconf 74' lang='lat' dir='ltr'><strong>orbis</strong></span> <span class='ocrx_word' id='word_1_261' title='bbox 1810 3555 2018 3614; x_wconf 79' lang='lat' dir='ltr'><strong>terrae</strong></span> <span class='ocrx_word' id='word_1_262' title='bbox 2044 3548 2229 3614; x_wconf 82' lang='lat' dir='ltr'><strong>verba</strong></span> <span class='ocrx_word' id='word_1_263' title='bbox 2256 3559 2493 3614; x_wconf 62' lang='lat' dir='ltr'><strong>eorum.</strong></span> <span class='ocrx_word' id='word_1_264' title='bbox 2520 3549 2772 3617; x_wconf 87' lang='lat' dir='ltr'><strong>Deinde</strong></span> <span class='ocrx_word' id='word_1_265' title='bbox 2799 3551 2966 3617; x_wconf 89' lang='lat' dir='ltr'><strong>sicut</strong></span> <span class='ocrx_word' id='word_1_266' title='bbox 3006 3572 3229 3619; x_wconf 89' lang='lat' dir='ltr'><strong>sermo</strong></span> 
     </span>
     <span class='ocr_line' id='line_1_29' title="bbox 757 3649 3336 3739; baseline -0.002 -19"><span class='ocrx_word' id='word_1_267' title='bbox 757 3652 1174 3739; x_wconf 89' lang='lat' dir='ltr'><strong>propheticus</strong></span> <span class='ocrx_word' id='word_1_268' title='bbox 1216 3654 1414 3734; x_wconf 88' lang='lat' dir='ltr'><strong>atque</strong></span> <span class='ocrx_word' id='word_1_269' title='bbox 1442 3653 1660 3715; x_wconf 86' lang='lat' dir='ltr'><strong>cetera</strong></span> <span class='ocrx_word' id='word_1_270' title='bbox 1687 3649 2025 3733; x_wconf 89' lang='lat' dir='ltr'><strong>utriusque</strong></span> <span class='ocrx_word' id='word_1_271' title='bbox 2052 3649 2210 3732; x_wconf 80' lang='lat' dir='ltr'><strong>legis</strong></span> <span class='ocrx_word' id='word_1_272' title='bbox 2240 3649 2505 3714; x_wconf 89' lang='lat' dir='ltr'><strong>oracula</strong></span> <span class='ocrx_word' id='word_1_273' title='bbox 2531 3650 2843 3734; x_wconf 86' lang='lat' dir='ltr'><strong>apostolis</strong></span> <span class='ocrx_word' id='word_1_274' title='bbox 2888 3654 2956 3716; x_wconf 89' lang='lat' dir='ltr'><strong>et</strong></span> <span class='ocrx_word' id='word_1_275' title='bbox 2992 3671 3232 3718; x_wconf 91' lang='lat' dir='ltr'><strong>eorun-</strong></span> <span class='ocrx_word' id='word_1_276' title='bbox 3267 3664 3336 3714; x_wconf 66' lang='lat' dir='ltr'><strong>«a</strong></span> 
     </span>
     <span class='ocr_line' id='line_1_30' title="bbox 761 3748 3234 3831; baseline 0 -12"><span class='ocrx_word' id='word_1_277' title='bbox 761 3754 912 3819; x_wconf 92' lang='lat' dir='ltr'><strong>dem</strong></span> <span class='ocrx_word' id='word_1_278' title='bbox 941 3751 1394 3828; x_wconf 87' lang='lat' dir='ltr'><strong>sectatoribus,</strong></span> <span class='ocrx_word' id='word_1_279' title='bbox 1436 3769 1521 3814; x_wconf 92' lang='lat' dir='ltr'><strong>ne</strong></span> <span class='ocrx_word' id='word_1_280' title='bbox 1561 3748 1628 3813; x_wconf 91' lang='lat' dir='ltr'><strong>in</strong></span> <span class='ocrx_word' id='word_1_281' title='bbox 1669 3749 1955 3813; x_wconf 90' lang='lat' dir='ltr'><strong>tenebris</strong></span> <span class='ocrx_word' id='word_1_282' title='bbox 1987 3748 2361 3831; x_wconf 79' lang='lat' dir='ltr'><strong>gentilitatis</strong></span> <span class='ocrx_word' id='word_1_283' title='bbox 2390 3749 2493 3815; x_wconf 91' lang='lat' dir='ltr'><strong>vel</strong></span> <span class='ocrx_word' id='word_1_284' title='bbox 2521 3749 2606 3814; x_wconf 88' lang='lat' dir='ltr'><strong>ad</strong></span> <span class='ocrx_word' id='word_1_285' title='bbox 2635 3750 2981 3816; x_wconf 84' lang='lat' dir='ltr'><strong>dexteram</strong></span> <span class='ocrx_word' id='word_1_286' title='bbox 3007 3752 3116 3818; x_wconf 84' lang='lat' dir='ltr'><strong>vel</strong></span> <span class='ocrx_word' id='word_1_287' title='bbox 3143 3753 3234 3819; x_wconf 87' lang='lat' dir='ltr'><strong>ad</strong></span> 
     </span>
     <span class='ocr_line' id='line_1_31' title="bbox 761 3847 3235 3932; baseline -0 -14"><span class='ocrx_word' id='word_1_288' title='bbox 761 3853 1090 3918; x_wconf 85' lang='lat' dir='ltr'><strong>sinistram</strong></span> <span class='ocrx_word' id='word_1_289' title='bbox 1139 3870 1182 3917; x_wconf 91' lang='lat' dir='ltr'><strong>a</strong></span> <span class='ocrx_word' id='word_1_290' title='bbox 1226 3849 1333 3914; x_wconf 88' lang='lat' dir='ltr'><strong>via</strong></span> <span class='ocrx_word' id='word_1_291' title='bbox 1379 3847 1673 3913; x_wconf 85' lang='lat' dir='ltr'><strong>veritatis</strong></span> <span class='ocrx_word' id='word_1_292' title='bbox 1715 3848 2159 3913; x_wconf 85' lang='lat' dir='ltr'><strong>exorbitarent</strong></span> <span class='ocrx_word' id='word_1_293' title='bbox 2180 3848 2249 3921; x_wconf 86' lang='lat'><strong>¹⁰,</strong></span> <span class='ocrx_word' id='word_1_294' title='bbox 2289 3848 2600 3913; x_wconf 86' lang='lat' dir='ltr'><strong>ducatum</strong></span> <span class='ocrx_word' id='word_1_295' title='bbox 2639 3849 3111 3932; x_wconf 86' lang='lat' dir='ltr'><strong>praebuerant,</strong></span> <span class='ocrx_word' id='word_1_296' title='bbox 3139 3851 3235 3918; x_wconf 89' lang='lat' dir='ltr'><strong>sic</strong></span> 
     </span>
     <span class='ocr_line' id='line_1_32' title="bbox 762 3947 3237 4033; baseline -0.001 -15"><span class='ocrx_word' id='word_1_297' title='bbox 762 3952 915 4030; x_wconf 89' lang='lat' dir='ltr'><strong>vita,</strong></span> <span class='ocrx_word' id='word_1_298' title='bbox 944 3952 1034 4016; x_wconf 86' lang='lat' dir='ltr'><strong>sic</strong></span> <span class='ocrx_word' id='word_1_299' title='bbox 1061 3947 1393 4025; x_wconf 88' lang='lat' dir='ltr'><strong>miracula,</strong></span> <span class='ocrx_word' id='word_1_300' title='bbox 1421 3947 1513 4014; x_wconf 90' lang='lat' dir='ltr'><strong>sic</strong></span> <span class='ocrx_word' id='word_1_301' title='bbox 1533 3949 1908 4012; x_wconf 89' lang='lat' dir='ltr'><strong>sanctorum</strong></span> <span class='ocrx_word' id='word_1_302' title='bbox 1932 3947 2311 4012; x_wconf 88' lang='lat' dir='ltr'><strong>veneranda</strong></span> <span class='ocrx_word' id='word_1_303' title='bbox 2332 3947 2619 4031; x_wconf 82' lang='lat' dir='ltr'><strong>vestigia,</strong></span> <span class='ocrx_word' id='word_1_304' title='bbox 2648 3947 2836 4013; x_wconf 90' lang='lat' dir='ltr'><strong>nobis</strong></span> <span class='ocrx_word' id='word_1_305' title='bbox 2857 3948 2941 4013; x_wconf 92' lang='lat' dir='ltr'><strong>de</strong></span> <span class='ocrx_word' id='word_1_306' title='bbox 2968 3950 3237 4033; x_wconf 79' lang='lat' dir='ltr'><strong>regione</strong></span> 
     </span>
     <span class='ocr_line' id='line_1_33' title="bbox 764 4045 3235 4132; baseline -0.001 -15"><span class='ocrx_word' id='word_1_307' title='bbox 764 4048 1318 4128; x_wconf 86' lang='lat' dir='ltr'><strong>dissimilitudinis,</strong></span> <span class='ocrx_word' id='word_1_308' title='bbox 1348 4048 1431 4113; x_wconf 91' lang='lat' dir='ltr'><strong>de</strong></span> <span class='ocrx_word' id='word_1_309' title='bbox 1460 4045 1751 4113; x_wconf 88' lang='lat' dir='ltr'><strong>convalle</strong></span> <span class='ocrx_word' id='word_1_310' title='bbox 1777 4045 2156 4130; x_wconf 89' lang='lat' dir='ltr'><strong>plorationis</strong></span> <span class='ocrx_word' id='word_1_311' title='bbox 2185 4046 2270 4112; x_wconf 92' lang='lat' dir='ltr'><strong>ad</strong></span> <span class='ocrx_word' id='word_1_312' title='bbox 2298 4046 2510 4113; x_wconf 90' lang='lat' dir='ltr'><strong>Deum</strong></span> <span class='ocrx_word' id='word_1_313' title='bbox 2552 4047 2806 4130; x_wconf 87' lang='lat' dir='ltr'><strong>regredi</strong></span> <span class='ocrx_word' id='word_1_314' title='bbox 2840 4046 3235 4132; x_wconf 85' lang='lat' dir='ltr'><strong>volentibus,</strong></span> 
     </span>
     <span class='ocr_line' id='line_1_34' title="bbox 763 4145 3343 4232; baseline -0.002 -15"><span class='ocrx_word' id='word_1_315' title='bbox 763 4170 849 4217; x_wconf 90' lang='lat' dir='ltr'><strong>ne</strong></span> <span class='ocrx_word' id='word_1_316' title='bbox 896 4168 1113 4215; x_wconf 91' lang='lat' dir='ltr'><strong>errore</strong></span> <span class='ocrx_word' id='word_1_317' title='bbox 1160 4148 1414 4213; x_wconf 88' lang='lat' dir='ltr'><strong>viarum</strong></span> <span class='ocrx_word' id='word_1_318' title='bbox 1457 4149 1523 4214; x_wconf 91' lang='lat' dir='ltr'><strong>et</strong></span> <span class='ocrx_word' id='word_1_319' title='bbox 1543 4147 1594 4185; x_wconf 86' lang='lat'><strong>¹¹</strong></span> <span class='ocrx_word' id='word_1_320' title='bbox 1622 4145 1995 4212; x_wconf 86' lang='lat' dir='ltr'><strong>mundanae</strong></span> <span class='ocrx_word' id='word_1_321' title='bbox 2034 4145 2208 4211; x_wconf 87' lang='lat' dir='ltr'><strong>vitae</strong></span> <span class='ocrx_word' id='word_1_322' title='bbox 2250 4145 2567 4211; x_wconf 87' lang='lat' dir='ltr'><strong>illecebris</strong></span> <span class='ocrx_word' id='word_1_323' title='bbox 2608 4146 2865 4229; x_wconf 91' lang='lat' dir='ltr'><strong>decepti</strong></span> <span class='ocrx_word' id='word_1_324' title='bbox 2908 4151 3236 4232; x_wconf 86' lang='lat' dir='ltr'><strong>tanquam</strong></span> <span class='ocrx_word' id='word_1_325' title='bbox 3271 4158 3343 4211; x_wconf 66' lang='lat' dir='ltr'><strong>zo</strong></span> 
     </span>
     <span class='ocr_line' id='line_1_35' title="bbox 764 4244 3238 4329; baseline -0.001 -12"><span class='ocrx_word' id='word_1_326' title='bbox 764 4268 1031 4317; x_wconf 86' lang='lat' dir='ltr'><strong>muscae</strong></span> <span class='ocrx_word' id='word_1_327' title='bbox 1056 4246 1400 4312; x_wconf 82' lang='lat' dir='ltr'><strong>volitantes</strong></span> <span class='ocrx_word' id='word_1_328' title='bbox 1430 4245 1497 4310; x_wconf 89' lang='lat' dir='ltr'><strong>in</strong></span> <span class='ocrx_word' id='word_1_329' title='bbox 1523 4245 1793 4311; x_wconf 89' lang='lat' dir='ltr'><strong>latebris</strong></span> <span class='ocrx_word' id='word_1_330' title='bbox 1820 4245 1906 4311; x_wconf 90' lang='lat' dir='ltr'><strong>ab</strong></span> <span class='ocrx_word' id='word_1_331' title='bbox 1934 4245 2286 4311; x_wconf 89' lang='lat' dir='ltr'><strong>immundis</strong></span> <span class='ocrx_word' id='word_1_332' title='bbox 2308 4244 2640 4327; x_wconf 87' lang='lat' dir='ltr'><strong>spiritibus</strong></span> <span class='ocrx_word' id='word_1_333' title='bbox 2667 4246 3028 4329; x_wconf 89' lang='lat' dir='ltr'><strong>capiamur,</strong></span> <span class='ocrx_word' id='word_1_334' title='bbox 3062 4247 3238 4325; x_wconf 84' lang='lat' dir='ltr'><strong>fidei,</strong></span> 
     </span>
    </p>
   </div>
   <div class='ocr_carea' id='block_1_5' title="bbox 768 4385 3242 4640">
    <p class='ocr_par' dir='ltr' id='par_1_6' title="bbox 768 4385 3242 4640">
     <span class='ocr_line' id='line_1_36' title="bbox 833 4385 3242 4484; baseline -0 -11"><span class='ocrx_word' id='word_1_335' title='bbox 833 4385 1089 4473; x_wconf 64' lang='lat' dir='ltr'><strong>prot-</strong></span> <span class='ocrx_word' id='word_1_336' title='bbox 1111 4417 1252 4471; x_wconf 69' lang='lat' dir='ltr'><strong>tom.</strong></span> <span class='ocrx_word' id='word_1_337' title='bbox 1273 4417 1342 4469; x_wconf 74' lang='lat' dir='ltr'><strong>A.</strong></span> <span class='ocrx_word' id='word_1_338' title='bbox 1372 4414 1585 4468; x_wconf 75' lang='lat' dir='ltr'><strong>-²om.</strong></span> <span class='ocrx_word' id='word_1_339' title='bbox 1608 4413 1938 4483; x_wconf 59' lang='grc' dir='ltr'><strong>ιιι-*φη</strong></span> <span class='ocrx_word' id='word_1_340' title='bbox 1960 4414 2389 4468; x_wconf 68' lang='lat' dir='ltr'><strong>om..1.11u.-</strong></span> <span class='ocrx_word' id='word_1_341' title='bbox 2407 4413 2767 4484; x_wconf 72' lang='lat' dir='ltr'><strong>⁴pigritantes</strong></span> <span class='ocrx_word' id='word_1_342' title='bbox 2793 4414 2873 4469; x_wconf 69' lang='lat' dir='ltr'><strong>M.</strong></span> <span class='ocrx_word' id='word_1_343' title='bbox 2895 4442 2957 4454; x_wconf 92' lang='lat'>-</span> <span class='ocrx_word' id='word_1_344' title='bbox 2977 4415 3242 4473; x_wconf 65' lang='lat' dir='ltr'><strong>‘vincula</strong></span> 
     </span>
     <span class='ocr_line' id='line_1_37' title="bbox 768 4496 3239 4572; baseline -0.001 -15"><span class='ocrx_word' id='word_1_345' title='bbox 768 4501 984 4572; x_wconf 68' lang='lat' dir='ltr'><strong>Mpoet.</strong></span> <span class='ocrx_word' id='word_1_346' title='bbox 1003 4516 1147 4555; x_wconf 79' lang='lat' dir='ltr'><strong>corr.</strong></span> <span class='ocrx_word' id='word_1_347' title='bbox 1167 4499 1274 4538; x_wconf 80' lang='lat'><strong>-⁸</strong></span> <span class='ocrx_word' id='word_1_348' title='bbox 1293 4498 1480 4567; x_wconf 79' lang='lat' dir='ltr'><strong>itaque</strong></span> <span class='ocrx_word' id='word_1_349' title='bbox 1513 4497 1579 4552; x_wconf 87' lang='lat' dir='ltr'><strong>L.</strong></span> <span class='ocrx_word' id='word_1_350' title='bbox 1612 4514 1681 4537; x_wconf 90' lang='grc'><strong>·--</strong></span> <span class='ocrx_word' id='word_1_351' title='bbox 1713 4496 1737 4530; x_wconf 77' lang='lat'><strong>‘¹</strong></span> <span class='ocrx_word' id='word_1_352' title='bbox 1761 4496 1990 4560; x_wconf 57' lang='lat' dir='ltr'><strong>celestes</strong></span> <span class='ocrx_word' id='word_1_353' title='bbox 2026 4498 2100 4551; x_wconf 74' lang='lat' dir='ltr'><strong>M.</strong></span> <span class='ocrx_word' id='word_1_354' title='bbox 2128 4524 2190 4536; x_wconf 94' lang='lat'>—</span> <span class='ocrx_word' id='word_1_355' title='bbox 2211 4496 2237 4531; x_wconf 82' lang='lat'><strong>⁸</strong></span> <span class='ocrx_word' id='word_1_356' title='bbox 2258 4496 2431 4551; x_wconf 87' lang='lat' dir='ltr'><strong>sancti</strong></span> <span class='ocrx_word' id='word_1_357' title='bbox 2467 4498 2594 4552; x_wconf 79' lang='lat' dir='ltr'><strong>add.</strong></span> <span class='ocrx_word' id='word_1_358' title='bbox 2626 4497 2773 4553; x_wconf 66' lang='lat' dir='ltr'><strong>AM.</strong></span> <span class='ocrx_word' id='word_1_359' title='bbox 2795 4524 2864 4538; x_wconf 90' lang='lat'>-</span> <span class='ocrx_word' id='word_1_360' title='bbox 2905 4496 2931 4534; x_wconf 75' lang='lat'>⁸</span> <span class='ocrx_word' id='word_1_361' title='bbox 2962 4497 3239 4555; x_wconf 80' lang='lat' dir='ltr'><strong>illumina·</strong></span> 
     </span>
     <span class='ocr_line' id='line_1_38' title="bbox 770 4578 2246 4640; baseline -0.003 -2"><span class='ocrx_word' id='word_1_362' title='bbox 770 4588 963 4640; x_wconf 79' lang='lat' dir='ltr'><strong>verant</strong></span> <span class='ocrx_word' id='word_1_363' title='bbox 981 4582 1131 4638; x_wconf 63' lang='lat' dir='ltr'><strong>AM.</strong></span> <span class='ocrx_word' id='word_1_364' title='bbox 1157 4609 1211 4620; x_wconf 89' lang='lat'>-</span> <span class='ocrx_word' id='word_1_365' title='bbox 1232 4581 1280 4616; x_wconf 82' lang='lat'><strong>²⁰</strong></span> <span class='ocrx_word' id='word_1_366' title='bbox 1311 4578 1688 4635; x_wconf 82' lang='lat' dir='ltr'><strong>exorbitarunt</strong></span> <span class='ocrx_word' id='word_1_367' title='bbox 1704 4579 1786 4634; x_wconf 75' lang='lat' dir='ltr'><strong>M.</strong></span> <span class='ocrx_word' id='word_1_368' title='bbox 1811 4607 1876 4618; x_wconf 92' lang='lat'>-</span> <span class='ocrx_word' id='word_1_369' title='bbox 1900 4579 1947 4614; x_wconf 83' lang='lat'><strong>²²</strong></span> <span class='ocrx_word' id='word_1_370' title='bbox 1966 4597 2069 4634; x_wconf 82' lang='lat' dir='ltr'><strong>om.</strong></span> <span class='ocrx_word' id='word_1_371' title='bbox 2093 4578 2246 4635; x_wconf 55' lang='lat' dir='ltr'><strong>AM.</strong></span> 
     </span>
    </p>
   </div>
   <div class='ocr_carea' id='block_1_6' title="bbox 770 4729 3257 5049">
    <p class='ocr_par' dir='ltr' id='par_1_7' title="bbox 770 4729 3257 5049">
     <span class='ocr_line' id='line_1_39' title="bbox 834 4729 3247 4802; baseline -0 -15"><span class='ocrx_word' id='word_1_372' title='bbox 834 4732 908 4802; x_wconf 89' lang='lat'><strong>(1)</strong></span> <span class='ocrx_word' id='word_1_373' title='bbox 943 4731 1078 4787; x_wconf 89' lang='lat' dir='ltr'><strong>lbid.</strong></span> <span class='ocrx_word' id='word_1_374' title='bbox 1102 4732 1237 4786; x_wconf 78' lang='lat' dir='ltr'><strong>Volo</strong></span> <span class='ocrx_word' id='word_1_375' title='bbox 1259 4733 1374 4798; x_wconf 71' lang='lat' dir='ltr'><strong>ipse</strong></span> <span class='ocrx_word' id='word_1_376' title='bbox 1389 4730 1661 4799; x_wconf 72' lang='lat' dir='ltr'><strong>quoddam</strong></span> <span class='ocrx_word' id='word_1_377' title='bbox 1677 4731 1892 4784; x_wconf 69' lang='lat' dir='ltr'><strong>evidens</strong></span> <span class='ocrx_word' id='word_1_378' title='bbox 1909 4730 2305 4784; x_wconf 60' lang='lat' dir='ltr'><strong>miraculum...</strong></span> <span class='ocrx_word' id='word_1_379' title='bbox 2322 4729 2468 4796; x_wconf 81' lang='lat' dir='ltr'><strong>quod</strong></span> <span class='ocrx_word' id='word_1_380' title='bbox 2487 4730 2735 4798; x_wconf 62' lang='lat' dir='ltr'><strong>propriis</strong></span> <span class='ocrx_word' id='word_1_381' title='bbox 2750 4731 2924 4784; x_wconf 70' lang='lat' dir='ltr'><strong>oculis</strong></span> <span class='ocrx_word' id='word_1_382' title='bbox 2939 4731 3247 4798; x_wconf 61' lang='lat' dir='ltr'><strong>viderim„-</strong></span> 
     </span>
     <span class='ocr_line' id='line_1_40' title="bbox 770 4811 3251 4884; baseline -0 -13"><span class='ocrx_word' id='word_1_383' title='bbox 770 4819 797 4871; x_wconf 75' lang='lat' dir='ltr'><strong>i</strong></span> <span class='ocrx_word' id='word_1_384' title='bbox 797 4837 833 4869; x_wconf 76' lang='grc' dir='ltr'><strong><em>ι</em></strong></span> <span class='ocrx_word' id='word_1_385' title='bbox 848 4817 1084 4869; x_wconf 66' lang='lat' dir='ltr'><strong>mium</strong></span> <span class='ocrx_word' id='word_1_386' title='bbox 1096 4815 1353 4884; x_wconf 73' lang='lat' dir='ltr'><strong>proferre</strong></span> <span class='ocrx_word' id='word_1_387' title='bbox 1369 4814 1786 4868; x_wconf 68' lang='lat' dir='ltr'><strong>miraculorum.</strong></span> <span class='ocrx_word' id='word_1_388' title='bbox 1790 4844 1850 4856; x_wconf 88' lang='lat'>-</span> <span class='ocrx_word' id='word_1_389' title='bbox 1864 4811 1939 4879; x_wconf 78' lang='lat'><strong>(2)</strong></span> <span class='ocrx_word' id='word_1_390' title='bbox 1958 4812 2188 4876; x_wconf 67' lang='lat' dir='ltr'><strong>Coton,</strong></span> <span class='ocrx_word' id='word_1_391' title='bbox 2208 4812 2375 4864; x_wconf 74' lang='lat' dir='ltr'><strong>Trina</strong></span> <span class='ocrx_word' id='word_1_392' title='bbox 2391 4813 2798 4879; x_wconf 66' lang='lat' dir='ltr'><strong>chananaeus-qa,</strong></span> <span class='ocrx_word' id='word_1_393' title='bbox 2809 4811 2847 4866; x_wconf 86' lang='lat' dir='ltr'><strong>l.</strong></span> <span class='ocrx_word' id='word_1_394' title='bbox 2865 4828 2973 4867; x_wconf 84' lang='lat' dir='ltr'><strong>c.—</strong></span> <span class='ocrx_word' id='word_1_395' title='bbox 2987 4814 3067 4882; x_wconf 83' lang='lat'><strong>(3)</strong></span> <span class='ocrx_word' id='word_1_396' title='bbox 3075 4813 3251 4870; x_wconf 74' lang='lat' dir='ltr'><strong>Tono-</strong></span> 
     </span>
     <span class='ocr_line' id='line_1_41' title="bbox 771 4893 3257 5009; baseline -0.002 -52"><span class='ocrx_word' id='word_1_397' title='bbox 771 4901 994 4964; x_wconf 67' lang='lat' dir='ltr'><strong>ann,</strong></span> <span class='ocrx_word' id='word_1_398' title='bbox 1024 4898 1136 4952; x_wconf 70' lang='lat' dir='ltr'><strong>Tha</strong></span> <span class='ocrx_word' id='word_1_399' title='bbox 1159 4897 1535 4965; x_wconf 70' lang='lat' dir='ltr'><strong>Martyroloay</strong></span> <span class='ocrx_word' id='word_1_400' title='bbox 1556 4898 1622 4964; x_wconf 75' lang='lat' dir='ltr'><strong>of</strong></span> <span class='ocrx_word' id='word_1_401' title='bbox 1636 4896 1882 4966; x_wconf 70' lang='lat' dir='ltr'><strong>Doneyal</strong></span> <span class='ocrx_word' id='word_1_402' title='bbox 1902 4895 2092 4964; x_wconf 73' lang='lat'><strong>(1864),</strong></span> <span class='ocrx_word' id='word_1_403' title='bbox 2116 4911 2168 4964; x_wconf 88' lang='lat' dir='ltr'><strong>p.</strong></span> <span class='ocrx_word' id='word_1_404' title='bbox 2195 4894 2407 4959; x_wconf 76' lang='lat'>168-693</span> <span class='ocrx_word' id='word_1_405' title='bbox 2433 4893 2502 4949; x_wconf 72' lang='lat' dir='ltr'><strong>cf.</strong></span> <span class='ocrx_word' id='word_1_406' title='bbox 2523 4910 2575 5009; x_wconf 89' lang='lat' dir='ltr'><strong>p.</strong></span> <span class='ocrx_word' id='word_1_407' title='bbox 2595 4894 2888 4949; x_wconf 71' lang='grc'><strong>44849.-</strong></span> <span class='ocrx_word' id='word_1_408' title='bbox 2820 4896 2986 4965; x_wconf 79' lang='lat'>-(4)</span> <span class='ocrx_word' id='word_1_409' title='bbox 3001 4897 3257 4966; x_wconf 69' lang='lat' dir='ltr'><strong>Liusof</strong></span> 
     </span>
     <span class='ocr_line' id='line_1_42' title="bbox 773 4978 1737 5049; baseline -0.005 -10"><span class='ocrx_word' id='word_1_410' title='bbox 773 4985 860 5039; x_wconf 71' lang='lat' dir='ltr'><strong>the</strong></span> <span class='ocrx_word' id='word_1_411' title='bbox 874 4982 1029 5037; x_wconf 67' lang='lat' dir='ltr'><strong>In&#39;ek</strong></span> <span class='ocrx_word' id='word_1_412' title='bbox 1053 4981 1261 5045; x_wconf 60' lang='lat' dir='ltr'><strong>Scina,</strong></span> <span class='ocrx_word' id='word_1_413' title='bbox 1285 4984 1326 5035; x_wconf 78' lang='lat' dir='ltr'><strong>t.</strong></span> <span class='ocrx_word' id='word_1_414' title='bbox 1347 4978 1438 5046; x_wconf 82' lang='lat' dir='ltr'><strong>vl,</strong></span> <span class='ocrx_word' id='word_1_415' title='bbox 1456 4996 1510 5049; x_wconf 86' lang='lat' dir='ltr'><strong>p.</strong></span> <span class='ocrx_word' id='word_1_416' title='bbox 1530 4979 1737 5035; x_wconf 75' lang='lat'><strong>651-55.</strong></span> 
     </span>
    </p>
   </div>
  </div>
 </body>
</html>
