3487 5450
693 555 838 631 302

1140 763 1291 831 Vin
1317 766 1405 831 2².

775 884 844 949 C.
888 905 1019 947 xm.
1065 882 1380 948 Gloriosus
1420 881 1724 964 confessor
1751 882 1874 944 Do·

694 985 850 1046 mini
927 984 1184 1047 Audoen
1192 1003 1339 1060 us...

700 1082 1150 1164 Rotomaqensis
1179 1083 1454 1163 adeptus,
1489 1081 1734 1143 verbum
1770 1099 1873 1142 sa-

1494 530 1622 630 ms
1669 576 1829 631 ms
1876 557 2354 629 mammes

2453 766 2673 831 Gesn.

2055 881 2317 964 Coqnita
2345 885 2477 945 vita
2505 892 2691 965 atque
2715 879 2895 962 fama
2943 884 3163 964 maqni

1428 984 1623 1044 sedem
1702 980 1871 1043 urbis
1959 982 2266 1063 praesulis
2295 983 2599 1058 Audoeni,
2628 984 2740 1064 qui
2754 992 2902 1043 tunc
2925 991 3155 1062 tempo-

1969 1081 2055 1142 ris
2083 1081 2276 1142 sedem
2312 1082 2476 1143 urbis
2507 1081 2966 1162 Rotomaqensis
3011 1080 3159 1142 ade·

693 1179 975 1262 lutiserae
986 1182 1471 1263 praedicationis
1492 1180 1620 1241 suis
1636 1179 1870 1241 civibus
1960 1184 2130 1260 ptus,
2177 1180 2424 1242 verbum
2466 1179 2956 1252 immortalitatis
2989 1181 3156 1241 ‘suis

694 1282 1160 1354 administrans,
1190 1280 1337 1361 fidei
1362 1279 1698 1342 catholicae
1721 1275 1873 1358 fau-

696 1388 794 1441 tor
828 1381 1185 1460 pariterque
1227 1387 1600 1460 praeceptor,
1657 1377 1879 1438 barba-

692 1498 795 1540 ros
820 1488 1005 1560 atque
1024 1477 1422 1539 indomabiles
1461 1496 1671 1538 eorum
1700 1494 1875 1537 men-

698 1586 782 1638 tes
833 1585 1095 1639 nectare
1120 1576 1501 1656 evanqelicae
1561 1565 1877 1636 doctrinae

696 1676 1027 1748 debriabat,
1052 1675 1396 1756 sedulisque
1420 1673 1877 1735 exhortationi-

699 1778 810 1837 bus
833 1775 1145 1838 Christum
1168 1774 1506 1836 Dominum
1541 1772 1736 1834 Deum
1759 1791 1878 1833 esse

697 1875 1013 1937 colendum
1056 1874 1393 1935 innumeris
1435 1871 1876 1934 assertionibus

699 1974 1169 2036 demonstrabat.
1260 1971 1453 2035 Cuius
1543 1971 1872 2051 coqnita...

703 2074 849 2148 vita,
992 2073 1489 2152 Rotomaqensem
1524 2070 1762 2131 devenit
1792 2068 1876 2130 ad

698 2172 902 2233 urbem
932 2196 953 2233 .-
983 2188 1344 2252 summaque
1380 2188 1518 2231 cum
1542 2170 1877 2230 reverentia

697 2292 739 2333 a
809 2268 1097 2353 praefato
1182 2269 1515 2331 venerabili
1602 2268 1878 2328 antistite

693 2372 1002 2450 susceptus
1058 2379 1164 2430 est.
1229 2368 1433 2446 Qui...
1495 2386 1696 2429 secum
1755 2366 1877 2427 ali-

697 2469 979 2550 quandiu
1008 2488 1143 2529 eum
1175 2469 1238 2529 in
1272 2468 1413 2528 urbe
1449 2467 1721 2527 tenuit...
1757 2485 1877 2545 quo

694 2566 950 2647 feliciter
1004 2568 1462 2641 administrato,
1510 2584 1638 2626 non
1681 2564 1878 2625 multo

688 2675 830 2748 post
843 2666 933 2728 ‘ad
950 2665 1378 2741 sacerdotium,
1402 2664 1539 2725 licet
1559 2682 1879 2725 renuens...

697 2753 754 2828 a'
780 2766 1109 2829 venerabili
1152 2766 1455 2827 Autmaro
1500 2764 1875 2844 Pontifice...

698 2875 1081 2927 consecratus
1105 2874 1246 2926 est...
1272 2863 1677 2941 Quamobrem
1700 2882 1883 2942 prae-

696 2963 866 3045 fatus
922 2964 1225 3046 qloriosus
1277 2961 1534 3042 praesul
1595 2962 1664 3022 in
1736 2961 1884 3022 urbe

697 3083 897 3126 secum
928 3063 1222 3143 perpetim
1265 3063 1520 3122 retinere
1564 3080 1699 3121 eum
1745 3080 1882 3122 cen-

697 3151 883 3224 suit..)
906 3162 992 3223 At
1014 3180 1152 3222 vero
1176 3163 1299 3240 ipse
1325 3161 1598 3241 eqreqius
1622 3158 1734 3220 Dei
1756 3159 1887 3220 cul-

701 3273 798 3327 tor
821 3263 1249 3325 districtiorem
1288 3260 1640 3322 desiderans
1672 3260 1887 3320 ducere

706 3364 915 3438 eitam,
991 3363 1173 3423 eremi
1247 3370 1474 3421 secreta
1536 3360 1887 3440 plurimum

703 3463 991 3536 ambiens,
1008 3461 1353 3522 mundanos
1378 3468 1504 3521 toto
1526 3459 1669 3520 nisu
1691 3455 1891 3538 fuqie-

704 3563 809 3623 bat
827 3580 1055 3641 semper
1077 3560 1352 3632 honores,
1386 3567 1457 3618 ut
1478 3577 1618 3619 cum
1644 3555 1888 3620 Christo

698 3670 897 3741 posset
926 3660 1140 3720 mereri
1168 3658 1463 3719 caelestes.

1971 1280 2202 1341 civibus
2297 1279 2815 1354 amministrabat,
2883 1279 3158 1360 fideique

1972 1379 2306 1440 catholicae
2345 1375 2561 1457 fautor
2593 1379 2950 1459 pariterque
2971 1397 3162 1458 prae-

1972 1487 2192 1557 ceptor,
2232 1475 2586 1538 barbaricas
2634 1485 2820 1557 atque
2872 1476 3161 1538 indoma-

1974 1578 2117 1638 biles
2140 1595 2347 1637 eorum
2370 1584 2592 1637 mentes
2620 1584 2861 1636 nectare
2898 1595 3162 1657 evanqe-

1977 1676 2127 1737 licae
2140 1676 2453 1737 doctrinae
2475 1674 2790 1736 debriabat
2813 1674 3165 1757 sedulisque
3207 1686 3212 1690 ’

1974 1774 2503 1847 exhortationibus
2564 1772 2880 1836 Christum
2945 1773 3168 1836 Domi-

1972 1894 2125 1937 num
2149 1874 2340 1935 Deum
2362 1893 2483 1935 esse
2504 1874 2824 1935 colendum
2847 1882 3160 1935 monstra·

1976 1974 2099 2048 bat,
2127 1974 2359 2053 ipsum
2387 1974 2601 2048 adiit,
2636 1991 3000 2053 summaque
3020 1991 3165 2033 cum

1975 2073 2311 2134 reverentia
2369 2091 2409 2132 a
2463 2068 2752 2152 praefato
2823 2071 3165 2133 venerabili

1977 2173 2252 2233 antistite
2314 2178 2623 2251 susceptus
2683 2179 2788 2244 est,
2836 2189 3162 2250 secumque

1976 2270 2347 2351 aliquandiu
2399 2271 2476 2331 in
2531 2269 2698 2330 urbe
2753 2270 3017 2330 tenuit.
3075 2270 3166 2331 At

1975 2389 2114 2432 vero
2156 2371 2280 2449 ipse
2329 2369 2602 2449 eqreqius
2650 2367 2906 2429 Domini
2955 2368 3163 2429 cultor

1977 2469 2404 2530 districtiorem
2447 2468 2794 2528 desiderans
2825 2469 3022 2528 vitam
3052 2468 3159 2528 he-

1976 2567 2128 2629 remi
2167 2568 2402 2628 seeretis
2447 2567 2660 2627 ducere
2691 2566 3166 2646 mundanosque

1975 2664 2216 2748 fuqiens
2272 2685 2500 2746 semper
2549 2666 2825 2739 honores,
2888 2676 2961 2727 ut
3019 2684 3163 2727 cum

1978 2787 2112 2847 reqe
2144 2765 2386 2829 Christo
2417 2765 2690 2827 caelestes
2717 2775 2916 2846 posset
2947 2765 3170 2826 habere

1978 2885 2190 2947 qazas,
2247 2866 2382 2926 licet
2430 2883 2712 2938 renuens,
2760 2864 2835 2924 ab
2887 2864 3199 2943 antefato

1979 2965 2323 3045 evanqelico
2386 2965 2657 3045 episcopo
2719 2963 3166 3044 presbiteratus

1981 3071 2066 3125 est
2145 3064 2357 3124 ordine
2431 3072 2839 3124 consecratus.
2933 3062 3168 3124 Deinde

1983 3163 2234 3225 hortatu
2249 3159 2526 3244 praefati
2547 3162 2934 3242 praesulis...

791 3826 877 3890 Ici
906 3843 977 3889 ce
1004 3836 1145 3888 sont
1192 3823 1281 3886 les
1327 3820 1510 3886 Gesta
1556 3821 1667 3905 qui
1710 3822 2028 3886 resument
2058 3821 2115 3884 la
2154 3821 2290 3884 Vita
2319 3823 2410 3896 22,
2437 3828 2498 3884 et
2528 3820 2637 3904 qui
2667 3821 2725 3884 le
2767 3820 2901 3883 font
2933 3821 3178 3904 parfois

709 3945 854 3989 sans
895 3933 1038 4008 trop
1082 3922 1447 3986 d’attention
1490 3923 1588 3999 (1).
1634 3923 1715 3985 Le
1754 3923 1831 3982 in
1872 3922 2038 3983 urbe
2078 3923 2317 3983 tenuit
2354 3920 2592 3984 devrait
2635 3939 2702 3984 se
2755 3933 3095 4004 rapporter
3146 3923 3186 3984 Ξι

776 4109 850 4175 (1)
883 4108 959 4163 Ce
980 4106 1122 4160 n’est
1147 4121 1244 4173 pas
1267 4103 1321 4158 le
1344 4104 1463 4157 seul
1486 4101 1699 4157 endroit
1723 4106 1797 4158 on
1812 4103 1925 4158 l’on
1943 4103 2129 4172 puisse
2154 4119 2473 4173 remarquer
2493 4102 2562 4156 de
2585 4118 2675 4156 ces
2692 4101 3016 4157 differenees
3041 4104 3193 4158 dans

711 4193 768 4246 la
788 4190 1065 4245 nal-ration
1090 4193 1242 4243 entre
1268 4188 1322 4240 la
1353 4186 1481 4239 Vita
1500 4195 1559 4238 κα
1592 4191 1647 4239 et
1668 4185 1751 4239 les
1790 4188 1969 4249 Gesta,
1993 4202 2065 4240 au
2099 4185 2464 4253 desavantage
2499 4185 2569 4239 de
2604 4185 3000 4240 l’ahreviateur.
3026 4185 3082 4240 C.
3107 4203 3194 4253 m,

712 4276 847 4329 dans
879 4274 935 4328 la
963 4273 1092 4325 Vita
1114 4277 1172 4324 2⁴¹
1196 4285 1414 4324 comme
1449 4269 1585 4322 dans
1621 4269 1677 4322 la
1711 4273 1786 4334 12,
1820 4285 1912 4322 ces
1946 4273 2092 4323 mots
2119 4288 2134 4322 t
2170 4269 2194 4295 ⁸
2232 4272 2427 4323 suimet
2459 4278 2639 4323 custos
2673 4269 2862 4322 callem
2899 4270 3197 4326 imitabilis

713 4361 852 4412 vitae
867 4373 1100 4425 per-qens
1134 4395 1175 4418 ,‚
1192 4352 1537 4407 s'entendent
1558 4351 1626 4404 de
1647 4352 1891 4420 l'epouse
1914 4351 1984 4405 de
2019 4351 2348 4416 Wandrille;
2374 4352 2454 4406 les
2482 4355 2643 4406 Gesta
2666 4351 2746 4405 1ae
2769 4340 3089 4420 rap‘portent
3113 4370 3212 4409 au

714 4439 871 4495 saint.
894 4439 999 4492 Les
1022 4437 1166 4490 deux
1190 4435 1318 4488 Vies
1350 4434 1592 4488 ecrivent
1628 4434 1703 4487 du
1742 4434 1927 4502 sejour
1961 4435 2030 4488 de
2067 4433 2368 4489 Wandrille
2403 4439 2437 4488 ἐι
2470 4434 2823 4489 Montfaucon
2849 4455 2862 4488 ε
2887 4453 2992 4489 non
3019 4438 3199 4492 „culto

717 4532 951 4589 tempore
958 4540 980 4585 ,·
1001 4519 1081 4573 les
1109 4520 1270 4572 Gesta
1290 4537 1303 4572 ε
1320 4520 1726 4585 plurimumque
1742 4521 2015 4585 temporis.
2042 4516 2101 4572 C.
2119 4534 2192 4582 11,
2210 4517 2348 4571 dans
2365 4518 2417 4571 le
2434 4516 2567 4571 tecit
2582 4517 2658 4570 du
2674 4532 2883 4585 voyage
2901 4520 2936 4571 ὲ.
2952 4518 3200 4585 Bobbio,

714 4605 768 4659 la
793 4602 1162 4658 construction
1177 4600 1273 4654 des
1294 4602 1457 4653 Gesta
1480 4603 1732 4667 presente
1757 4615 1833 4653 un
1849 4600 2111 4654 desordre
2129 4615 2284 4654 assez
2301 4600 2603 4654 semblable
2623 4602 2655 4653 ὲ
2672 4599 2814 4654 celui
2836 4599 3048 4669 signal&
3066 4605 3204 4657 tout

716 4691 753 4742 ὲ
772 4686 995 4741 1Ίιειιτο.
1016 4682 1333 4745 Wandrssle‚
1351 4682 1430 4736 dit
1451 4682 1507 4736 la
1541 4683 1663 4735 Vita
1681 4687 1760 4746 2³,
1782 4681 1845 4735 fit
1865 4698 1954 4736 ses
1972 4682 2173 4736 adieux
2198 4685 2230 4735 ὸ
2253 4698 2342 4736 ses
2365 4681 2552 4742 freres,
2570 4686 2626 4736 et
2641 4682 2809 4750 partit
2830 4699 2966 4737 avec
2982 4700 3059 4738 un
3084 4688 3203 4740 fine

718 4774 777 4826 et
792 4768 927 4822 trois
947 4767 1256 4821 serviteurs.
1278 4765 1323 4819 11
1343 4763 1645 4833 poursuivit
1662 4765 2050 4832 joyeusement
2071 4781 2134 4818 sa
2155 4770 2332 4830 route,
2350 4766 2608 4833 passales
2627 4765 2842 4834 AlpeS...
2860 4765 2947 4821 On
2964 4767 3029 4822 lit
3051 4767 3203 4823 dans

716 4853 800 4908 les
819 4852 982 4905 Gesta
996 4868 1017 4903 .·
1038 4849 1283 4917 Denique
1299 4849 1526 4916 Alpium
1551 4849 1696 4915 iuqis
1713 4851 2065 4913 transcensis,
2076 4848 2354 4917 laetusque
2366 4850 2861 4917 pereffluationem
2877 4867 3205 4919 aqyressus,

721 4952 842 4990 eum
856 4933 1036 4988 tribus
1046 4932 1241 5001 pueris
1263 4938 1312 4984 et
1333 4932 1501 4985 asello
1528 4931 1752 4984 Italiam
1767 4932 2134 4997 'inqu-editur...
