3487 5450
678 616 823 690 208

1073 821 1469 887 meaau

761 932 887 993 21.
931 918 1168 990 LXXX
1253 936 1435 983 vmos
1495 933 1614 981 imo
1702 929 1860 977 rm

679 1044 918 1095 samm.
963 1023 1228 1088 Fratres
1275 1013 1607 1093 carissimi,
1670 1010 1860 1078 vobis

680 1126 828 1193 volo
855 1124 1068 1189 adhuc
1102 1123 1170 1186 et
1209 1116 1382 1184 aliud
1412 1112 1863 1180 miraculum...

766 1232 883 1291 22.
929 1222 1385 1287 Tametsi-usu
1414 1233 1629 1280 sunu.
1667 1210 1863 1277 Deni-
1942 1256 1950 1263 .

686 1345 812 1411 que
885 1320 1172 1407 quodam
1234 1321 1531 1399 tempore
1596 1311 1863 1395 cupiens

685 1426 949 1492 sanctus
1003 1421 1103 1485 vir
1158 1417 1339 1483 abire
1393 1415 1462 1480 in
1516 1413 1747 1478 sancta
1802 1411 1870 1474 et

686 1520 1082 1590 venerabilia
1100 1517 1266 1583 loca.
1279 1564 1294 1579 .
1307 1563 1322 1578 .

762 1630 891 1689 23.
937 1620 1192 1686 Nau-ras
1229 1635 1271 1680 A
1313 1630 1655 1679 naamam
1703 1626 1871 1674 uns-

688 1742 832 1788 nn.
862 1718 1165 1799 Quadam
1195 1733 1349 1779 vero
1380 1712 1486 1778 die
1526 1710 1685 1775 dum
1726 1706 1870 1792 qui-

692 1823 846 1888 dam
866 1821 1172 1884 nautae...

777 1927 895 1986 24.
941 1918 1228 1983 Axenus
1291 1912 1572 1978 Nlcomo
1629 1924 1872 1973 rtrum

693 2036 1036 2087 rmmcrr.
1124 2014 1377 2092 Adhuc,
1475 2005 1872 2074 dilectissimi

694 2121 951 2196 fratres
981 2115 1341 2198 superest...

967 2216 1141 2271 Catal.
1173 2214 1371 2276 Paris„
1411 2213 1450 2265 t.
1495 2208 1535 2274 Ι,
1580 2222 1633 2276 p.
1678 2204 1879 2268 509-10,

896 2313 1012 2367 cap.
1029 2298 1112 2351 20.

784 2389 908 2448 25.
952 2380 1186 2446 ῙτεΒσΜ
1206 2396 1265 2442 m
1291 2393 1570 2441 umam·
1591 2391 1880 2438 Axenus,

699 2483 941 2548 Postea
987 2482 1210 2545 autem
1239 2477 1344 2541 die
1391 2474 1629 2540 iterum
1671 2475 1887 2537 trans-

701 2585 849 2649 acto
930 2580 1065 2644 iam
1119 2577 1399 2659 septimo
1448 2569 1882 2648 revelationis,
1937 2644 1939 2646 ψ

699 2681 861 2749 mihi
880 2677 1070 2747 simili
1090 2677 1288 2743 modo
1308 2675 1378 2741 in
1410 2672 1660 2740 visione
1681 2689 1890 2755 appa-

704 2782 836 2848 ruit
863 2779 1189 2862 angelus...

792 2887 887 2946 26
916 2880 1026 2959 (1).
1071 2877 1242 2942 Tass
1290 2894 1472 2939 vmos
1513 2891 1555 2936 A
1610 2887 1891 2936 curram

709 2997 1042 3046 semema
1062 2995 1341 3066 uptam.
1375 2972 1700 3055 Tempore
1723 2968 1893 3034 Con-

710 3078 977 3145 stantini
998 3076 1218 3159 magni
1237 3070 1650 3157 imperatoris
1669 3070 1892 3134 incon-

710 3178 953 3245 stantia
982 3176 1155 3241 facta
1183 3178 1283 3240 est
1324 3176 1524 3256 atque
1573 3167 1893 3235 dissensio

708 3278 780 3343 in
805 3275 1089 3359 Phrygia
1107 3271 1676 3356 Attaphalorum...

978 3375 1058 3430 Gr.
1080 3374 1425 3435 Monam-nus,
1448 3370 1485 3425 1.
1509 3386 1555 3426 c.

802 3465 924 3524 27.
969 3457 1323 3538 Hucusque
1373 3453 1457 3518 de
1512 3469 1895 3535 graecorum

719 3558 998 3625 editione
1045 3555 1381 3621 trahentes
1428 3552 1773 3617 doctorum
1810 3548 1896 3614 ad

718 3656 1057 3724 latinitatis
1084 3652 1534 3719 transtulimus
1557 3649 1900 3733 gratiam...

987 3755 1290 3820 macomus,
1314 3769 1366 3820 p.
1392 3752 1503 3817 126,
1517 3766 1633 3818 cap.
1660 3748 1738 3804 14.

808 3843 929 3903 28.
974 3836 1322 3902 Laetemur
1364 3853 1515 3917 ergo
1566 3830 1902 3910 carissimi,

722 3937 1041 4003 laetemur
1063 3935 1129 3999 in
1155 3934 1495 3999 Domin0...

990 4034 1137 4102 ibid„
1156 4049 1208 4102 p.
1233 4034 1343 4098 126,
1367 4049 1483 4101 cap.
1509 4033 1588 4088 15.
1611 4031 1730 4086 Hoc
1748 4034 1912 4101 caput

925 4117 1193 4173 omissum
1215 4116 1376 4170 estin
1397 4114 1830 4183 windbergensi.

813 4209 931 4268 29.
988 4200 1084 4265 Dr:
1125 4219 1305 4265 onrru
1346 4199 1415 4264 S.
1460 4198 1740 4263 Nicom.
1786 4196 1908 4262 Fa-

731 4306 909 4368 ctum
952 4303 1053 4365 est
1090 4302 1312 4365 autem
1340 4301 1413 4362 ut
1448 4298 1573 4362 iret
1620 4296 1693 4362 B.
1721 4295 1912 4362 Nico-

730 4401 874 4467 laus
906 4400 973 4464 in
1001 4399 1224 4482 Myrea
1262 4397 1520 4462 civitate
1550 4399 1617 4461 et
1650 4394 1912 4461 fecisset

732 4500 1156 4566 orationem...

818 4607 916 4665 30
948 4598 1061 4682 (2).
1092 4596 1308 4662 Omma
1337 4615 1372 4660 a
1401 4612 1643 4660 ‘ranuzo
1671 4613 1916 4661 muns

1229 628 1318 681 m:
1371 623 1612 679 mono
1663 615 2107 673 mommo
2157 611 2572 666 AUS‘rmAco.

2420 800 2688 870 Omma

2043 911 2164 972 23.
2207 903 2325 970 Est
2352 905 2419 968 et
2439 900 2615 968 aliud
2641 899 3029 965 miraculum
3056 897 3142 963 de

1962 1005 2033 1074 S.
2056 1003 2387 1071 Nicolao...

2224 1102 2376 1167 lhid„
2398 1117 2452 1171 p.
2467 1100 2584 1166 507,
2606 1114 2725 1168 cap.
2750 1097 2833 1153 14.

2049 1211 2176 1270 24.
2225 1200 2527 1281 Quodam
2556 1201 2854 1281 tempore
2877 1195 3149 1279 cupiens

1966 1306 2228 1371 sanctus
2254 1301 2354 1367 vir
2381 1300 2475 1365 ire
2495 1299 2565 1364 in
2593 1299 2823 1364 sancta
2853 1299 2921 1361 et
2954 1314 3156 1361 vene·

1964 1402 2196 1471 rabilia
2222 1400 2426 1466 loca...

2228 1499 2380 1565 nm,
2404 1515 2460 1569 p.
2490 1497 2657 1561 sose,
2683 1510 2801 1565 cap.
2821 1495 2900 1550 19.

2055 1610 2128 1667 7.
2173 1599 2476 1679 Quadam
2514 1613 2804 1679 namque
2846 1594 2953 1660 die
2990 1592 3156 1657 dum

1972 1701 2239 1789 quidam
2269 1703 2577 1765 nautae...

2236 1799 2538 1863 Eunomus,
2556 1812 2609 1866 p.
2634 1794 2834 1860 117-18,
2854 1809 2971 1863 cap.
2995 1793 3047 1847 9.

2074 2864 2192 2925 25.
2239 2856 2412 2922 Dum
2464 2855 2534 2921 in
2587 2851 2910 2937 Phrygiae
2964 2851 3178 2935 parti-

1991 2959 2115 3025 bus
2183 2956 2510 3041 quaedam
2564 2973 2741 3038 gens,
2786 2951 3175 3034 cognomine

1990 3055 2368 3141 Attaphala‚
2410 3053 2731 3122 seditiosis
2785 3050 3180 3117 machinan-

1991 3157 2167 3224 tibus
2194 3155 2410 3221 viris..

2257 3253 2603 3317 Momm-rius,
2624 3255 2664 3306 t.
2683 3250 2751 3316 11.
2773 3249 2811 3305 t
2832 3249 3081 3304 165⁷-67v.

2092 4201 2211 4260 26.
2255 4193 2524 4258 Factum
2549 4194 2650 4256 est
2667 4193 2743 4254 ut
2763 4189 2888 4254 iret
2909 4187 2977 4254 S.
3002 4188 3060 4253 N
3063 4189 3196 4253 ico-

2007 4294 2151 4360 laus
2173 4296 2238 4358 et
2265 4291 2523 4357 fecisset
2542 4290 2969 4356 orationem...

2213 4407 2694 4547 welspmom’
2734 4422 2786 4473 p.
2829 4404 3027 4469 las-24,
3074 4420 3194 4472 cap.

2099 4599 2218 4658 2¹7.
2262 4592 2624 4674 Postquam
2683 4587 2877 4672 igitur
2950 4588 3202 4653 beatis-

803 4750 875 4818 (1)
908 4751 1049 4805 Ante
1078 4764 1195 4816 cap.
1215 4747 1282 4801 ⁶26
1310 4744 1508 4814 scripta
1529 4746 1615 4799 est
1637 4742 1780 4798 haec
1801 4740 2023 4797 rubrica
2042 4739 2101 4795 in
2125 4737 2540 4806 windbergensi
2565 4758 2579 4795 ε
2603 4739 2886 4807 Incipiunt
2918 4745 3040 4791 aeta
3073 4754 3204 4791 san-

739 4836 969 4889 ctissimi
998 4833 1222 4886 Nikolaa·
1242 4829 1637 4897 archiepiscopi
1659 4828 1810 4880 Licie
1834 4827 2067 4880 ciuitatis
2088 4824 2432 4890 metropoleon
2455 4838 2630 4876 mense
2653 4821 2946 4876 decembrio
2979 4822 3070 4874 die
3109 4820 3210 4874 VI.

740 4945 809 4958 —
823 4917 895 4983 (2)
912 4917 1054 4970 Ante
1076 4930 1195 4982 cap.
1215 4913 1283 4967 30
1304 4911 1501 4979 legitur
1532 4910 1732 4964 iterum
1759 4907 1978 4963 rubrica
1999 4906 2057 4962 in
2077 4904 2491 4973 windbergensi
2516 4923 2529 4958 ε
2555 4905 2836 4971 Incipiunt
2844 4911 2970 4972 post
2990 4904 3204 4956 obitum

743 4998 1014 5052 miracula
1037 4995 1093 5049 S.
1117 4994 1341 5048 Nikolai
1361 4993 1690 5059 confessoris
1716 4990 1945 5045 christi.
