3487 5450
729 560 866 630 154
1276 581 1361 630 DE
1416 580 1654 630 >moso
1707 579 2145 630 anonumum
2199 578 2614 629 AUSTRIACO.

722 790 928 852 eques
951 770 1104 833 dum
1133 769 1428 834 festinant
1442 790 1510 833 er
1531 789 1752 834 coram
1773 770 2160 851 virginibus⁸
2181 769 2552 845 cursitaret,
2568 768 2654 832 ab
2675 767 3191 850 inspicientium⁹

727 870 928 934 oculis
959 870 1192 945 subito,
1224 869 1466 933 cunctis
1497 870 1989 947 admirantibus,
2016 869 2295 934 evanuit.
2322 868 2468 933 Rex
2500 873 2721 932 tamen
2748 867 3191 934 Theodericus

727 970 1093 1050 insequenti
1139 968 1260 1046 die,
1303 968 1534 1032 eadem
1577 969 1738 1033 hora
1774 988 1902 1051 qua
1935 968 2305 1051 praedictus
2362 987 2560 1049 eques
2590 966 2943 1048 virginibus
2985 988 3194 1051 appa-

718 1074 962 1145 ruerat,
995 1069 1257 1131 dimidio
1290 1069 1539 1131 dierum
1590 1087 1874 1145 suorum,
1904 1068 2122 1132 divina
2171 1067 2260 1131 sic
2302 1067 2592 1131 dictante
2612 1068 2661 1104 ¹⁰
2701 1066 2965 1144 iustitia,
3003 1085 3194 1132 revo-

721 1173 929 1231 catus.
975 1168 1314 1230 universae
1358 1167 1570 1231 earnis
1608 1167 1781 1230 viam
1829 1167 2156 1247 ingressus
2198 1170 2316 1230 est.
2357 1165 2726 1246 Quaproter
2768 1184 2971 1248 penes
3000 1185 3190 1248 reges
3223 1181 3253 1227 a

722 1267 1058 1329 universos
1088 1265 1437 1330 Hiberniae
1465 1271 1693 1348 postea
1722 1266 2045 1329 sancitum
2075 1269 2192 1341 est,
2224 1265 2398 1347 quod
2442 1264 2658 1328 nullus
2687 1283 2915 1346 regum
2953 1283 3190 1329 eorun-

723 1366 874 1428 dem
917 1365 979 1428 in
1011 1364 1330 1427 territorio
1362 1365 1566 1428 sancti
1597 1364 1801 1445 patris
1831 1364 2167 1428 Mochullei
2206 1363 2564 1445 quicquam
2604 1363 3050 1445 praecipere¹¹
3083 1362 3190 1428 vel

723 1464 978 1526 auferre
1008 1464 1277 1544 posthac
1307 1468 1775 1544 praesumeret.

809 1568 921 1624 22.
967 1561 1134 1638 Quid
1179 1562 1386 1643 igitur.
1419 1561 1652 1624 fratres
1681 1561 2095 1637 dilectissimi,
2124 1561 2242 1625 viri
2263 1562 2283 1598 ¹
2312 1560 2628 1635 affabiles,
2660 1561 2777 1625 viri
2819 1560 2958 1626 Deo
3006 1581 3194 1627 acce-

725 1662 1020 1742 ptabiles.
1066 1661 1218 1743 quid
1261 1661 1445 1725 vobis
1474 1660 1767 1724 videtur?
1793 1660 2061 1725 Nonne2
2103 1660 2264 1725 haec
2296 1659 2569 1737 illustria
2598 1679 2675 1725 ac
2705 1660 3193 1727 evidentissima
3230 1675 3289 1724 ιο

723 1761 933 1823 sancti
958 1761 1160 1841 patris
1187 1760 1519 1824 Mochullei
1543 1760 1853 1824 miracula
1877 1759 2311 1841 quorumlibet
2335 1761 2532 1823 etiam
2557 1758 2912 1824 infidelium
2936 1764 3196 1825 mentes

725 1860 969 1942 erigere
1001 1860 1084 1924 ad
1116 1859 1407 1923 caelestis
1437 1860 1690 1941 patriae
1713 1859 2075 1923 desideria³
2100 1859 2439 1923 videntur?
2461 1858 2634 1922 Nam
2656 1878 2826 1941 quae
2856 1863 2921 1924 et
2943 1864 3198 1943 quanta

725 1959 833 2041 pie
873 1959 1129 2022 vivendi
1174 1959 1466 2041 praemia
1511 1977 1586 2022 ac
1635 1959 2017 2024 meritorum
2067 1957 2302 2039 gaudia
2344 1957 2572 2022 mundi
2617 1959 3196 2041 contemptoribus,

725 2057 969 2123 Christi
1001 2057 1445 2130 coheredibus,
1476 2057 1541 2121 in
1575 2056 1788 2121 futuro
1831 2062 2323 2139 praeparentur,
2355 2061 2419 2120 et
2464 2057 2817 2140 praecipue
2862 2058 3081 2139 qualia
3114 2077 3198 2123 ac

729 2177 929 2239 quam
959 2157 1294 2239 praeclara
1336 2158 1628 2239 praemia
1657 2158 1881 2239 procul
1910 2178 1948 2221 a
1977 2156 2192 2239 patria
2229 2156 2526 2239 carisque
2561 2158 2942 2240 propinquis
2970 2149 3202 2223 amore
3236 2169 3300 2217 ει

725 2258 990 2321 caelesti
1021 2259 1130 2321 se*
1173 2257 1731 2338 sequestrantibus
1776 2261 2149 2321 sanctorum
2193 2259 2454 2337 patrum
2504 2256 2687 2320 iustis
2716 2256 3019 2338 precibus
3047 2257 3202 2322 red-

727 2357 968 2420 dantur
996 2361 1096 2419 aet
1108 2376 1282 2429 ema,
1314 2375 1459 2420 cum
1483 2357 1812 2420 sceleratis
1845 2360 1904 2419 et
1940 2355 2229 2419 reatibus
2250 2346 2579 2419 homicidii
2602 2354 2865 2438 pollutis
2885 2350 3202 2422 interces-

726 2457 909 2520 sione
940 2457 1143 2519 sancti
1173 2458 1378 2538 patris
1410 2456 1743 2519 Mochullei
1793 2456 2033 2519 fontem
2081 2455 2161 2518 de
2205 2473 2365 2519 saxo
2409 2454 2627 2519 divina
2672 2454 3019 2520 clementia
3044 2475 3200 2538 pro-

728 2556 1020 2619 duxerit⁵
1049 2574 1325 2637 cumque
1354 2555 1643 2618 eiusdem
1673 2555 1880 2618 sancti
1911 2554 2173 2617 iniurias
2217 2554 2282 2616 in
2333 2573 2555 2635 regem
2602 2558 2667 2618 et
2696 2554 2762 2617 in
2791 2554 2960 2636 regis
2989 2554 3199 2620 filium

733 2655 933 2737 digna
962 2654 1204 2718 ultione
1233 2654 1690 2717 vindicaverit?
3234 2664 3299 2715 ¹0

817 2754 946 2818 Sed
1014 2754 1165 2835 quia
1228 2754 1484 2836 segnius
1549 2754 1860 2817 irritant...
1913 2753 2179 2836 (reliqua
2232 2753 2353 2817 vid.
2405 2754 2475 2816 in
2532 2752 2698 2832 MG„
2753 2751 2889 2817 Sor.
2946 2760 2988 2819 t.
3034 2753 3202 2836 XX,

736 2874 796 2935 p.
829 2853 1106 2931 512-14).

735 3130 799 3139 —
835 3099 931 3151 ⁸in
968 3114 1162 3166 campo
1195 3101 1320 3152 add.
1362 3099 1506 3152 AM.
1529 3100 1639 3138 —9
1662 3099 2034 3167 insipientium
2057 3099 2197 3153 Aul!
2211 3108 2333 3152 ante
2362 3115 2504 3152 corr.
2527 3129 2592 3139 -
2630 3099 2677 3132 ¹⁰
2713 3097 2995 3152 dictitante
3031 3102 3101 3152 A.
3133 3130 3205 3140 —

740 3183 782 3215 ¹¹
808 3182 1080 3249 percipere
1104 3183 1169 3234 L.

805 3266 917 3316 22.
958 3292 1021 3302 —
1045 3265 1062 3296 ¹
1089 3282 1188 3316 om.
1213 3267 1279 3317 A.
1308 3292 1368 3302 —
1396 3264 1420 3297 ²
1445 3280 1558 3318 non
1578 3263 1728 3318 AM.
1764 3292 1832 3305 —
1854 3263 1878 3298 ³
1904 3266 2001 3330 (m.
2025 3280 2072 3318 e.
2095 3263 2165 3317 ad
2189 3278 2235 3317 c.
2257 3279 2309 3330 p.
2331 3263 2404 3331 d.)
2427 3264 2497 3317 ad
2531 3279 2576 3317 c.
2600 3279 2653 3330 p.
2680 3263 2733 3317 d.
2762 3280 2836 3317 m.
2872 3280 2920 3317 e.
2952 3264 3101 3318 AM.
3132 3292 3207 3304 —

738 3349 761 3381 ⁴
790 3365 891 3400 om.
921 3347 980 3398 L.
1003 3374 1070 3384 —
1092 3347 1114 3380 ⁶
1136 3346 1394 3414 produxit
1415 3348 1481 3399 L.

1317 3987 1420 4051 VI.
1484 3986 1992 4053 MIRACULUM
2051 3987 2124 4052 B.
2169 3986 2245 4051 V.
2297 3983 2628 4052 MARIAE

1354 4135 1433 4192 Cf.
1456 4152 1635 4205 supra,
1657 4152 1711 4205 p.
1731 4136 1815 4200 u,
1839 4136 1911 4190 ad
1941 4136 1996 4190 d.
2015 4136 2051 4190 2
2072 4135 2225 4201 febr„
2252 4136 2430 4205 primo
2453 4137 2599 4192 loeo.

814 4429 1113 4497 Postquam
1139 4428 1243 4483 has
1263 4430 1509 4499 plagulas
1531 4430 1703 4485 semel
1720 4430 1834 4485 iam
1855 4445 2285 4495 correxeramus,
2302 4430 2450 4484 aliud
2474 4434 2697 4498 agenta
2720 4430 3225 4487 animadvertimus

752 4527 898 4582 hane
919 4527 1289 4583 narrationem
1312 4529 1422 4584 iam
1446 4529 1580 4584 olim
1604 4546 1639 4584 a
1660 4530 1986 4585 Floravante
2006 4528 2311 4584 Martinello
2335 4529 2392 4583 in
2415 4546 2519 4583 sua
2534 4531 2707 4583 Roma
2724 4525 2799 4583 'ex
2820 4532 3033 4584 ethnica
3051 4549 3229 4586 saera

748 4628 827 4694 (2⁸
855 4627 954 4690 ed..
979 4627 1204 4689 Romae,
1242 4629 1406 4692 1668),
1426 4644 1478 4697 p.
1500 4628 1698 4694 23942,
1733 4644 1804 4683 ex
1828 4629 2015 4683 codice
2039 4627 2300 4682 Vaticano
2327 4628 2531 4682 editam
2560 4644 2700 4682 esse.
2725 4628 3002 4695 Quoniam
3026 4634 3231 4687 tamen

750 4728 1014 4782 volumen
1037 4726 1172 4781 illud
1191 4743 1377 4784 rarum
1399 4728 1532 4782 satis
1553 4732 1654 4793 oet,
1693 4727 2063 4782 narrationem
2087 4726 2251 4781 istam
2273 4727 2345 4781 ab
2383 4726 2774 4795 appendicibus
2812 4728 3019 4783 nostris
3041 4745 3234 4786 remo-

756 4827 991 4881 vendam
1013 4841 1128 4880 non
1146 4826 1428 4900 «intimum
1449 4830 1666 4883 textum
1688 4842 1821 4882 vero
1859 4827 2110 4882 codicum
2134 4826 2532 4881 austriacorum
2562 4842 2690 4881 cum
2722 4826 2960 4882 editione
2983 4844 3236 4886 romana

755 4927 844 4994 (-=
865 4928 948 4990 R)
970 4925 1165 4981 sedulo
1186 4926 1532 4982 contulimus.
