3487 5450
1171 657 1524 743 mmlx
1567 657 1766 710 xvm.
2586 636 2726 711 189

269 847 769 915 allocutionibus
796 850 1123 912 eteorum
1149 846 1277 931 piis
1301 846 1551 913 foveret
1575 846 2168 925 subventionibus&
2198 845 2529 911 caerulum
2543 844 2731 912 ’nox

265 948 534 1033 peplum
572 946 847 1023 obtexit,
890 965 1180 1028 eousque
1215 945 1396 1012 diem
1435 965 1587 1011 cum
1625 945 2014 1028 splendore⁴
2053 945 2205 1011 solis
2246 945 2530 1035 advexit,
2570 947 2732 1012 dum

268 1046 504 1112 eadem
553 1050 775 1111 mente
824 1044 1266 1127 redintegrata
1320 1048 1389 1111 et
1435 1064 1708 1128 corpore
1754 1044 1948 1109 nimis
2007 1044 2345 1110 debilitata
2390 1044 2552 1123 loco,
2600 1064 2732 1129 quo

266 1144 518 1210 dudum
547 1143 952 1223 consederat,
980 1144 1230 1209 moveri
1255 1163 1390 1209 non
1431 1144 1665 1227 potuit,
1693 1143 1899 1210 donec
1939 1143 2191 1227 primae
2231 1144 2436 1209 horae
2476 1143 2733 1226 signum

203 1267 229 1316 ο
267 1243 572 1308 insonuit.
635 1243 821 1308 Tunc
882 1242 1278 1325 adimpletur
1345 1243 1520 1327 quod
1584 1242 1806 1307 divina
1859 1261 2016 1308 voce
2082 1242 2359 1319 iubetur,
2421 1246 2496 1307 ut
2556 1243 2732 1326 quod

264 1361 426 1407 aure
484 1342 767 1420 auditur,
826 1361 1027 1424 supra
1096 1345 1273 1407 tecta
1338 1342 1793 1427 praedicetur3
1856 1341 2073 1407 nescio
2117 1360 2247 1424 qua
2288 1342 2490 1408 flante
2548 1361 2732 1421 aura,
2793 1371 2800 1378 ·

264 1461 386 1525 per
427 1441 665 1507 urbem
720 1439 1087 1523 divulgatur
1135 1440 1335 1507 fama.
1383 1440 1701 1507 Certatim
1742 1429 2110 1506 ‘convenere
2158 1440 2348 1505 multi
2388 1440 2734 1507 devotione

262 1539 461 1617 fideli,
471 1561 475 1564 ’
519 1540 869 1604 afferentes
923 1538 1287 1616 luminaria,
1342 1542 1856 1623 conquaerentes
1910 1540 2296 1604 necessasia
2345 1538 2520 1604 Inter
2567 1559 2734 1622 quos

264 1638 659 1704 advolavere
707 1637 991 1703 velocius
1046 1637 1403 1703 valitudine
1460 1638 1836 1704 laborantes
1900 1638 2202 1715 atrocius,
2257 1656 2464 1720 pensa
2522 1637 2733 1703 addu-

180 1758 236 1808 ιο
263 1737 541 1819 centes,⁸
573 1737 926 1811 sanitatem
980 1736 1387 1820 recipientes.
1432 1736 1679 1803 Eadem
1732 1755 2020 1819 namque
2078 1736 2182 1802 die
2244 1736 2735 1819 recuperandae

264 1830 497 1903 salutis
559 1856 677 1919 spe
740 1836 1069 1918 quaedam
1137 1835 1369 1901 mulier
1427 1836 1495 1900 in
1544 1835 1851 1901 subsellio
1905 1840 2004 1900 est
2063 1835 2411 1923 adportata
2464 1834 2734 1900 mirifice

265 1936 721 2001 membrorum
765 1954 1082 2017 compage
1122 1934 1356 2000 soluta.
1384 1935 1553 2000 Nam
1597 1936 1808 2001 femur
1837 1934 2125 2001 funditus
2167 1934 2309 2000 loco
2334 1934 2733 2012 submotum,

265 2054 435 2101 coxa
455 2053 717 2099 summo
740 2038 933 2099 tenus
954 2032 1200 2111 evulsa,
1213 2052 1383 2116 genu
1410 2053 1558 2099 cum
1587 2034 1758 2117 pede
1778 2034 2086 2098 deorsum
2107 2038 2480 2099 transverso
2506 2033 2736 2097 ordine

265 2138 610 2212 retortum,
640 2133 977 2216 quoddam
1004 2132 1335 2216 specimen
1363 2133 1690 2199 horribilis
1717 2133 2135 2216 praeferebat
2172 2133 2466 2198 monstri.
2493 2132 2737 2198 Verum

182 2250 238 2299 45
267 2232 395 2299 hac
441 2232 848 2315 aegritudine
888 2251 1009 2315 per
1054 2235 1277 2298 ternos
1327 2232 1650 2297 mensium
1697 2231 1992 2297 confecta
2031 2233 2361 2313 decursus
2406 2252 2735 2315 nusquam

267 2332 485 2415 potuit
512 2331 653 2397 loco
666 2331 770 2396 vel
788 2330 957 2397 lecto
978 2331 1356 2397 submoveri
1375 2330 1641 2413 proprio
1661 2332 2021 2409 conamine,
2049 2332 2214 2396 nisi⁸
2231 2330 2497 2395 suffulta
2523 2331 2735 2397 alieno

270 2431 623 2510 iuvamine,
643 2450 862 2514 neque
886 2430 1011 2495 hoc
1031 2430 1173 2497 sine
1195 2431 1487 2496 maxima
1506 2429 1845 2496 molestiae
1873 2449 2031 2495 suae
2059 2430 2142 2495 vi.
2165 2430 2481 2513 Cumque,
2506 2431 2619 2495 ut
2600 2449 2735 2495 iam

272 2529 428 2608 dixi,
449 2530 608 2595 sede
634 2529 963 2594 vectitali⁸
988 2529 1362 2611 anteposita
1388 2533 1564 2594 esset
1589 2529 1800 2607 altari,
1821 2529 2040 2642 pensis
2068 2548 2290 2595 secum
2310 2528 2562 2608 delatis,
2582 2532 2736 2594 voto

273 2649 346 2695 se
388 2629 728 2694 constrixit
776 2628 915 2693 Deo
957 2632 1025 2693 et
1070 2632 1298 2693 sancto
1343 2629 1635 2711 martyri,
1675 2631 1771 2706 ut,
1813 2628 1870 2692 si
1909 2631 2404 2710 recuperaretur
2451 2628 2736 2706 sanitati,

180 2743 239 2794 ιο
270 2728 703 2813 quoadusque
753 2727 1022 2803 viveret,
1063 2725 1285 2792 votiva
1326 2727 1466 2791 eius
1523 2724 1860 2791 sollemnia
1901 2724 2280 2804 celebraret,
2308 2729 2373 2790 et
2415 2728 2738 2809 quotquot

270 2827 460 2893 annis
503 2846 773 2892 censum
802 2825 904 2891 sui
946 2825 1227 2891 solveret
1254 2825 1504 2908 capitis.
1546 2823 1680 2890 Sed
1708 2824 1865 2889 dum
1893 2844 2013 2907 per
2039 2824 2317 2889 duarum
2360 2823 2494 2889 sere
2520 2823 2738 2907 spatia

267 2924 583 2989 horarum
603 2922 731 2988 illic
755 2925 1053 2988 maneret
1089 2925 1158 2987 et
1180 2922 1349 2987 ratio
1377 2922 1692 3004 temporis
1720 2922 1939 3004 egredi
1963 2924 2281 3000 moneret,
2310 2921 2399 2987 ad
2424 2941 2595 3000 eum,
2625 2921 2737 3005 qui

269 3041 340 3087 se
360 3023 766 3105 apportabat
778 3021 822 3100 ²,
845 3021 1010 3087 haec
1036 3021 1242 3086 verba
1267 3020 1643 3104 proferebat
1665 3044 1689 3087 z·
1708 3020 1939 3086 Sellam
1968 3020 2322 3104 submovete,
2355 3042 2478 3107 per
2504 3041 2738 3085 manus

269 3121 594 3185 conamini
621 3120 945 3200 abducere,
974 3121 1276 3205 quoniam
1307 3141 1431 3204 per
1456 3119 1647 3184 huius
1684 3122 1891 3184 sandi
1918 3121 2330 3184 interventum
2357 3119 2518 3184 mihi
2541 3118 2740 3205 quod-

178 3243 239 3293 ιι
268 3219 410 3284 libet
429 3221 636 3283 'sentio
666 3217 918 3283 adesse⁸
958 3217 1326 3284 remedium.
1356 3218 1539 3284 Tunc
1575 3219 1767 3285 unius
1793 3218 1993 3284 baiuli
2033 3219 2505 3286 sustentamine
2539 3223 2737 3302 pacto

269 3338 398 3403 quo
417 3319 634 3403 potuit
654 3337 954 3401 gressum
975 3317 1210 3395 nitens,
1225 3317 1494 3383 domum
1513 3318 1705 3383 rediit
1725 3321 1792 3384 et
1806 3318 1971 3382 lecto
1984 3337 2056 3383 se
2067 3317 2323 3383 locavit.
2344 3317 2418 3382 In
2435 3319 2736 3401 proxima

266 3423 461 3484 nocte
501 3418 807 3500 sequenti
848 3419 990 3481 tam
1034 3417 1170 3482 acri
1197 3435 1579 3499 compressa
1618 3420 1719 3481 est
1759 3417 2205 3482 membrorum
2234 3416 2457 3482 dolore
2482 3436 2738 3482 necnon

269 3522 335 3582 et
375 3517 741 3582 eorundem
785 3517 1060 3598 fragore,
1089 3519 1167 3581 ut
1205 3515 1365 3580 nihil
1409 3515 1585 3581 aliud
1613 3534 1813 3599 quam
1856 3515 2113 3581 animae
2155 3516 2402 3581 exitum
2443 3519 2737 3582 astantes

268 3621 632 3700 sperarent.
672 3615 921 3680 Deinde
960 3618 1235 3697 postera
1262 3615 1369 3679 die
1408 3614 1641 3680 baculo
1680 3615 1962 3679 innitens
2004 3635 2303 3698 quaeque
2345 3615 2578 3680 domus
2619 3635 2738 3698 per

180 3735 238 3790 ω
267 3711 411 3778 loca
444 3713 555 3776 vix
597 3711 1023 3794 progrediens
1064 3731 1185 3794 per
1229 3711 1636 3794 aliquantum
1670 3711 1981 3794 temporis
2024 3712 2436 3777 intervallum
2463 3713 2741 3795 integer-

266 3812 505 3877 rimam
556 3811 802 3894 adepta
852 3814 954 3876 est
1009 3812 1421 3893 sospitatem.
1481 3809 1612 3893 Ipsi
1665 3809 1889 3893 gloria,
1931 3811 2041 3893 qui
2097 3830 2215 3893 per
2269 3815 2532 3876 sanctos
2585 3831 2738 3878 suos

266 3916 581 3994 operatur
608 3908 946 3974 miracula.

357 4018 471 4074 17.
501 4008 656 4093 Ipsa
684 4008 790 4074 die
813 4007 1083 4091 quidam
1119 4007 1423 4073 eiusdem
1451 4007 1732 4072 familiae
1753 4000 2003 4085 caecus,
2025 4007 2188 4073 alius
2217 4008 2460 4074 ducatu
2486 4008 2739 4087 allatus,

268 4109 631 4185 confestim,
690 4106 966 4172 candela
1020 4106 1213 4171 altari
1269 4106 1595 4189 imposita,
1645 4107 1859 4170 visum
1930 4110 2312 4189 exoptatum
2365 4108 2611 4190 recepit
2663 4126 2741 4172 ac

177 4228 236 4282 ³⁸
266 4208 503 4273 alacris
533 4207 808 4272 domum
837 4205 1198 4288 repedavit.

358 4314 472 4373 18.
516 4306 684 4371 Dein
702 4308 723 4344 ¹
754 4305 1014 4370 evoluto
1044 4304 1237 4369 anni²
1270 4303 1604 4383 curricu10,
1625 4303 2057 4369 sollemnitate
2079 4305 2376 4387 saepius³
2395 4306 2742 4371 memorati

266 4405 333 4471 in
354 4405 594 4471 eadem
621 4405 887 4469 civitate
917 4404 1183 4469 cuidam
1211 4404 1465 4469 mulieri
1497 4403 1698 4468 telam
1726 4403 2021 4483 ordienti,
2051 4423 2181 4487 quo
2209 4407 2531 4482 texuerat,
2571 4405 2744 4470 licia-

266 4505 507 4569 ton'um
535 4509 676 4569 tam
727 4503 980 4595 fortiter
1006 4502 1276 4568 manui⁴
1328 4506 1429 4568 est
1467 4501 1848 4581 involutum,
1894 4507 1969 4567 ut
2006 4521 2138 4567 non
2179 4503 2321 4569 sine
2359 4502 2652 4569 maxima
2676 4503 2742 4567 vi

266 4610 488 4686 posset
512 4602 720 4670 evelli.
742 4601 891 4680 Qua
919 4601 1472 4667 commonitione⁵
1495 4601 1763 4666 minime
1783 4606 2092 4680 correcta,
2121 4601 2280 4666 dum
2320 4601 2535 4667 adhuc
2560 4603 2741 4685 operi

268 4795 336 4807 —
351 4768 376 4801 ²
400 4767 893 4821 interventionibus
910 4767 977 4820 L.
997 4793 1059 4802 —
1077 4767 1103 4801 ⁸
1120 4766 1403 4821 ceruleum
1425 4767 1494 4820 L.
1513 4797 1561 4806 -
1580 4767 1607 4800 ⁸
1624 4766 1697 4826 (d.
1716 4781 1764 4819 c.
1781 4767 1846 4832 s.)
1864 4766 1996 4819 dum
2018 4765 2367 4833 splendorem
2384 4767 2561 4821 L.—⁸
2577 4783 2745 4835 qnan-

270 4853 529 4904 tumadd.
554 4851 706 4904 L.—
742 4850 766 4883 ⁸
792 4853 949 4902 vecta
973 4848 1745 4917 taliL.—²portabatL.-
1769 4849 1930 4902 ‘esse
1956 4850 2021 4902 L.

336 4933 420 4987 18
463 4961 526 4973 —
548 4937 565 4968 ¹
586 4931 790 4986 deinde
812 4932 884 4985 HL
906 4958 972 4972 -
995 4932 1019 4965 ²
1043 4947 1318 4986 annorum
1341 4931 1415 4985 H.
1439 4960 1490 4969 —
1528 4931 1554 4965 ⁸
1581 4930 1751 4998 ipsius
1772 4931 1839 4985 L.
1870 4958 1938 4969 —
1973 4930 1998 4965 ⁴
2031 4946 2200 4983 manu
2237 4931 2310 4984 H.
2329 4958 2396 4969 -
2418 4930 2444 4964 ⁸
2464 4930 2745 4985 commini-

274 5015 406 5069 tioni
434 5016 490 5070 L.
1161 5027 1167 5033 ·
