3487 5450
932 660 935 661 f
1055 573 1480 637 wozrnmm
1530 578 1976 639 msnnnx‘sxs'.
2481 561 2487 566 ’
2650 567 2742 641 17

374 773 517 841 111.
559 776 798 842 Lunum
846 795 1286 843 mmmmm(
1316 798 1354 840 a
1401 776 1779 859 Wolfleardo
1827 778 2044 842 lectum
2096 787 2149 843 et
2190 781 2568 864 exscriptum
2598 799 2744 864 esse,

290 896 404 941 nec
447 896 678 961 neqare
722 896 914 960 neque
967 874 1304 959 affirmare
1351 876 1573 941 audeo.
1629 876 1926 963 Plerique
1972 880 2137 942 enim
2179 878 2321 960 loci,
2349 898 2501 964 quos
2545 879 2745 963 Wolf·

295 975 545 1041 hardus
572 996 713 1039 cum
742 974 854 1039 illo
879 973 1039 1040 libro
1067 996 1418 1040 communes
1438 974 1637 1058 habet,
1664 976 1855 1040 iidem
1900 978 1965 1040 in
1993 978 2470 1062 martyroloyiis
2496 978 2745 1044 Adonis

297 1081 411 1139 aut
454 1073 741 1156 Notkeri,
788 1074 879 1138 vel
926 1074 1141 1138 saltem
1187 1076 1254 1137 in
1304 1074 1615 1139 codicibus
1664 1076 2055 1159 interpolatis
2103 1075 2366 1153 Adonis,
2421 1113 2501 1126 —
2551 1079 2617 1141 in
2666 1098 2743 1143 ea

297 1193 532 1257 nempe,
558 1193 718 1258 quae
755 1172 834 1237 ab
861 1173 1095 1238 editore
1128 1173 1377 1237 A'donis
1405 1173 1749 1259 Rosweydo
1775 1176 2031 1239 seorsim
2061 1174 2307 1239 collecta
2335 1182 2424 1239 est
2450 1178 2481 1208 “
2505 1195 2743 1259 appen-

298 1272 431 1337 dice
454 1322 511 1355 „,
531 1311 613 1320 —
641 1272 892 1337 totidem
932 1273 1124 1337 verbis
1171 1273 1480 1357 lequntur.
1538 1273 1617 1338 Ut
1667 1294 1863 1357 porro
1912 1281 1967 1339 et
1994 1273 2278 1340 Adonem
2307 1281 2362 1338 et
2394 1273 2742 1339 Notkerum

285 1367 651 1456 saepissime
698 1373 1059 1456 compilavit
1098 1371 1534 1455 Wolfhardus,
1565 1373 1655 1436 ita
1685 1372 1764 1436 ab
1790 1375 1879 1438 eis
1905 1372 2016 1437 hos
2044 1374 2205 1438 locos
2230 1373 2413 1438 illum
2441 1376 2746 1458 accepisse

182 1533 187 1538 .
288 1472 484 1555 facile
501 1471 893 1536 credideriut.
910 1471 996 1536 Et
1018 1478 1105 1536 est
1126 1471 1373 1557 quidem
1386 1472 1496 1536 ubi
1516 1492 1639 1536 non
1664 1474 1870 1557 ipsum
1893 1479 2127 1537 textum
2141 1473 2315 1538 Libri
2335 1472 2744 1556 pontificalis,

284 1570 398 1635 sed
426 1591 563 1635 eam
601 1570 791 1635 huius
816 1577 1015 1635 textus
1053 1574 1376 1655 epitomen,
1406 1592 1564 1657 quae
1599 1573 1668 1636 in
1709 1571 1934 1636 Adone
1981 1578 2037 1637 et
2067 1574 2132 1636 in
2182 1571 2460 1638 Notkero
2498 1573 2744 1657 leqitur,

306 1670 725 1752 Wolfliardus
742 1672 1158 1755 exscripserit,
1174 1677 1245 1733 ut
1263 1691 1320 1733 v.
1343 1692 1404 1756 q.
1428 1671 1516 1735 ad
1542 1670 1606 1735 d.
1625 1671 1711 1735 28
1739 1673 1922 1753 iunii,
1949 1671 2057 1736 ubi
2075 1672 2151 1737 de
2175 1672 2242 1737 S.
2264 1670 2471 1737 Leone
2489 1671 2533 1737 1
2540 1693 2743 1757 papa.

375 1769 551 1834 Alibi
567 1777 798 1850 tamen,
818 1790 1201 1855 quamquam
1230 1790 1357 1834 non
1384 1771 1477 1834 ita
1505 1790 1707 1854 saepe,
1733 1771 2043 1835 nonnulla
2070 1792 2146 1835 ex
2170 1771 2365 1838 Libro
2391 1771 2746 1855 pontificali

284 1869 464 1934 babet
518 1868 959 1953 Wolfhardus,
987 1890 1147 1954 quae
1182 1890 1369 1954 neque
1404 1868 1580 1954 apud
1621 1869 1929 1951 Adonem,
1959 1891 2145 1955 neque
2186 1870 2362 1957 apud
2392 1869 2743 1936 Notkerum

287 1971 565 2054 reperire
583 1976 707 2051 est,·
726 1969 1078 2033 cuiusmodi
1098 1976 1246 2033 sunt
1268 1969 1580 2054 quaedam
1602 1967 1690 2032 ad
1709 1968 1772 2034 d.
1794 1970 1878 2033 26
1898 1990 2040 2054 apr.
2062 1969 2138 2033 de
2160 1969 2532 2035 Marcellino
2548 1991 2746 2055 papa,

283 2067 384 2134 ad
411 2068 475 2134 d.
505 2070 549 2133 3
580 2069 695 2133 iul.
724 2068 801 2133 de
834 2067 1037 2134 Leone
1067 2068 1159 2133 II
1184 2089 1384 2154 papa.
1434 2068 1665 2133 Verum
1691 2069 1977 2133 notanda
2000 2071 2374 2154 praesertim
2409 2076 2560 2134 sunt
2585 2091 2746 2155 quae

277 2168 334 2252 f.
363 2170 609 2251 11-11·,
630 2167 716 2232 ad
736 2169 855 2232 d.2
870 2169 1003 2232 ian.
1026 2168 1334 2252 leyuntur.
1350 2166 1452 2231 Ibi
1471 2188 1705 2252 nempe,
1722 2175 2054 2253 postquam
2076 2189 2152 2233 ex
2176 2168 2399 2233 Adone
2417 2171 2746 2253 exscripsit

303 2265 728 2351 Wolfhardus
782 2288 854 2332 ea
924 2288 1085 2352 quae
1141 2266 1219 2332 de
1274 2267 1651 2332 Marcellino
1708 2287 1912 2351 puero
1970 2268 2071 2331 ille
2124 2267 2397 2351 profert,
2453 2271 2745 2334 continuo

284 2365 606 2451 subiunqit
646 2390 668 2430 .·
710 2366 835 2431 Hic
887 2386 1173 2450 namque
1229 2366 1427 2449 gestis
1484 2370 1852 2450 martyrum
1906 2366 2244 2449 diligenter
2294 2367 2641 2451 exquisivit
2702 2387 2746 2434 a

285 2466 563 2532 notariis
595 2469 659 2531 et
690 2466 756 2531 in
786 2466 1056 2531 ecclesia
1080 2464 1441 2531 recondidit
1466 2485 1587 2550 per
1614 2466 1970 2549 quemdam
2010 2466 2435 2531 Maximinum
2474 2466 2747 2550 presby·
2876 2487 2880 2490 ’

288 2570 523 2651 terum,
567 2566 677 2649 qui
720 2567 1036 2649 martyrio
1079 2568 1426 2630 coronatus
1468 2569 1588 2631 est.
1631 2564 1773 2630 Iam
1821 2584 1960 2629 vero
2000 2564 2148 2629 haec
2188 2566 2277 2630 ad
2322 2565 2389 2630 S.
2429 2568 2745 2630 Anterum

276 2685 524 2750 papam
567 2672 862 2751 spectant,
889 2665 964 2729 de
1005 2685 1125 2750 quo
1170 2673 1301 2729 tum
1346 2664 1523 2750 apud
1563 2663 1852 2729 Adonem
1893 2672 1948 2730 et
1993 2664 2364 2746 Notlcerum,
2404 2670 2539 2729 tum
2568 2663 2746 2750 apud

303 2764 774 2849 Wolfhardum,
822 2765 909 2829 ad
956 2765 1019 2830 d.
1066 2767 1109 2828 3
1157 2766 1289 2830 ian.
1314 2763 1388 2846 fit
1438 2766 1962 2830 commemoratio.
2006 2764 2131 2829 Sed
2183 2766 2249 2828 in
2295 2764 2570 2829 Notkero
2608 2785 2745 2830 non

295 2867 517 2930 omnia
568 2885 767 2949 supra
815 2866 1010 2928 citata
1056 2865 1366 2948 leyuntur,
1407 2863 1514 2928 sed
1558 2862 1709 2927 haec
1757 2861 2236 2928 tantummodo:
2267 2866 2332 2926 et
2377 2866 2744 2945 martyrum

292 2968 479 3046 gesta
509 2964 846 3046 diligenter
874 2961 1249 3045 exquisivit;
1291 2959 1467 3044 apud
1491 2959 1780 3024 Adonem
1808 2979 1950 3024 vero
1973 2985 1992 3020 .-
2016 2958 2139 3025 Ηίο
2167 2963 2352 3042 gesta
2378 2963 2743 3042 martyrum

291 3082 334 3129 a
361 3063 634 3129 notariis
656 3062 993 3145 diligenter
1015 3060 1359 3143 exquisivit
1388 3065 1453 3124 et
1480 3059 1543 3124 in
1575 3059 1845 3124 ecclesia
1864 3058 2241 3124 recondidit.
2272 3058 2350 3123 In
2379 3059 2509 3123 solo
2536 3065 2746 3123 autem

289 3162 485 3227 Libro
509 3160 868 3244 pontificali
894 3161 1121 3245 leyitur
1141 3167 1343 3223 textus
1368 3159 1599 3242 inteqer
1621 3181 1636 3223 ε
1658 3157 1784 3222 Hic
1803 3163 1988 3240 gesta
2015 3162 2379 3241 martyrum
2406 3157 2745 3240 diligenter

290 3280 334 3326 a
363 3261 637 3327 notariis
682 3259 1026 3342 exquisivit
1055 3262 1121 3324 et
1164 3258 1230 3322 in
1259 3257 1528 3322 ecclesia
1568 3257 1860 3322 recondit
1900 3260 2168 3339 propter
2207 3257 2494 3340 quodam
2534 3257 2743 3322 Maxi-

289 3361 467 3426 mino
497 3359 880 3443 presbitem.
912 3359 1020 3441 qui
1046 3357 1359 3440 martyrio
1386 3360 1730 3422 coronatus
1760 3361 1860 3421 est
1886 3357 1997 3439 (1).
2024 3355 2131 3442 Ea:
2158 3377 2277 3441 quo
2305 3357 2495 3438 liquet
2535 3356 2741 3441 Wolf-

286 3460 495 3524 kardo
529 3466 784 3544 praesto
808 3459 1008 3542 fuisse
1045 3457 1136 3521 cel
1177 3456 1439 3520 codicem
1464 3456 1637 3520 Libri
1657 3455 2065 3539 pontificum,
2099 3456 2185 3519 rel
2211 3456 2430 3520 saltem
2454 3456 2741 3521 Adonid-

285 3579 438 3622 num
468 3565 582 3621 aut
608 3556 1070 3621 Notkerianum
1100 3554 1419 3638 exemplar
1461 3556 1526 3616 in
1577 3574 1697 3639 quo
1737 3553 1939 3637 plura
1981 3560 2273 3638 excerpta
2314 3573 2391 3617 ex
2428 3574 2496 3618 eo
2535 3553 2739 3621 Libro

287 3657 603 3722 translata
647 3662 841 3721 essent
888 3675 1075 3740 quam
1102 3656 1173 3717 in
1201 3652 1660 3737 exemplaribus
1695 3672 1855 3736 quae
1882 3651 1961 3716 ab
1989 3650 2328 3716 editoribus
2357 3651 2566 3716 adhuc
2590 3659 2739 3716 sunt

278 3776 559 3821 excussa.

369 3854 687 3940 Quicquid
714 3861 820 3935 est,
848 3874 924 3917 ex
957 3852 1056 3917 his
1083 3873 1251 3937 quae
1279 3872 1478 3936 supra
1518 3851 1850 3914 attulimus
1875 3857 1931 3914 et
1967 3851 2117 3914 aliis
2145 3849 2452 3914 similibus
2487 3849 2640 3914 locis
2668 3848 2737 3913 id

285 3963 447 4020 certo
502 3960 763 4034 constat,
808 3951 1281 4036 Wolfhardum,
1331 3957 1668 4035 postquam
1724 3955 1923 4013 totum
1981 3949 2501 4034 ›nm-tyroloyium
2550 3969 2735 4012 suum

281 4060 679 4134 exara-cerat,
701 4059 833 4116 tum
863 4052 1113 4117 demum
1140 4051 1428 4124 codicem,
1462 4070 1538 4113 esc
1564 4068 1684 4134 quo
1711 4047 1866 4112 haec
1891 4055 2179 4131 excerpta
2206 4047 2551 4132 descripsit,
2576 4050 2739 4112 inve-

282 4157 449 4218 nisse
476 4153 570 4218 vel
595 4152 814 4216 saltem
847 4151 1173 4215 consilium
1204 4151 1428 4234 cepisse
1454 4155 1524 4212 ut
1552 4169 1624 4213 ea
1647 4147 2027 4212 describeret.
2052 4147 2402 4230 Descripsit
2428 4155 2636 4211 autem
2665 4167 2737 4211 ea

288 4256 350 4316 in
394 4251 792 4336 marqinibus
835 4249 1213 4334 autoqraplei
1255 4251 1375 4313 sui.
1432 4247 1608 4312 Unde
1652 4248 1900 4330 factum
1950 4254 2037 4310 est
2089 4254 2170 4328 ut,
2215 4267 2356 4309 cum
2387 4254 2606 4330 postea
2646 4246 2737 4311 ad

278 4351 597 4436 exemplar
640 4351 799 4413 illud
847 4348 1310 4434 autoyraplmm
1351 4353 1738 4427 ‚exararetur
1782 4345 1971 4410 codex
2026 4345 2489 4429 Teqernseensis
2536 4382 2617 4392 —
2644 4346 2736 4409 vel

162 4528 170 4533 ι
284 4452 451 4516 alius
480 4458 658 4530 certe,
687 4451 745 4514 si
780 4451 919 4534 quis
948 4447 1413 4533 antoqraphum
1441 4448 1607 4511 inter
1642 4453 1696 4510 et
1736 4444 2234 4530 Teyernseensem
2275 4444 2515 4508 medius
2545 4446 2734 4508 inter-

281 4551 546 4633 cesserit,
572 4587 647 4600 —
672 4570 850 4633 saepe
871 4549 1000 4612 loco
1024 4568 1146 4611 non
1171 4568 1286 4611 suo
1300 4549 1514 4631 posita
1536 4548 1667 4610 sint
1697 4545 1777 4610 ab
1799 4546 2176 4608 amanuensi
2195 4564 2267 4607 ea
2297 4544 2539 4628 quaein
2575 4564 2738 4627 mar-

279 4649 531 4735 qinibus
554 4671 593 4714 a
641 4647 1022 4731 Wolfleardo
1051 4646 1278 4712 addita
1299 4653 1498 4710 erant.

341 4946 418 5013 (1)
450 4946 547 5001 m.
572 4923 983 5011 nem.t.·1,
1006 4960 1059 5013 p.
1087 4945 1198 4999 147.

537 5060 691 5101 mm.
713 5060 877 5110 nou...
896 5061 946 5098 τ.
968 5059 1097 5099 xvu.
2443 5038 2477 5091 Ξ
