3487 5450
1221 613 1574 687 ffrmlx
1621 633 1771 687 xxi.
2586 613 2725 688 199

261 838 369 892 per,
388 822 538 892 quod
556 822 736 876 maius
753 827 854 887 eet.
870 837 983 877 non
1002 823 1188 877 solum
1207 808 1326 892 ipsa
1342 823 1533 879 Passio
1555 839 1817 893 magnam
1833 829 2064 894 partem.
2085 825 2314 881 diversis
2331 824 2464 882 licet
2481 826 2538 881 in
2551 825 2726 893 libris,

259 921 399 976 edita
421 926 504 975 est
525 922 616 988 (1),
652 936 845 976 verum
880 922 1017 990 typis
1035 921 1203 984 'etiam
1228 938 1432 977 excusa
1453 926 1540 977 est
1569 922 1815 991 integrae
1849 923 2126 980 Passionis
2156 925 2338 981 versio
2358 924 2558 991 italica,
2578 941 2725 981 saec.

259 1019 356 1073 XV
371 1025 627 1075 accurate
651 1020 903 1076 confecta
919 1022 1015 1085 (Ξ).

1036 1447 1207 1513 XXI.
1246 1448 1450 1515 VITA
1489 1449 1558 1516 S.
1599 1449 1946 1517 FLORINI

1239 1615 1319 1670 Cf.
1351 1619 1533 1685 supra,
1566 1633 1619 1686 p.
1652 1617 1738 1672 90.

318 1811 678 1866 Habebamus
715 1810 829 1864 iam
866 1809 1053 1865 Vitam
1080 1811 1357 1880 quandam
1398 1811 1452 1867 S.
1488 1811 1707 1874 morini,
1738 1828 1886 1881 quae
1914 1812 2156 1881 primum
2180 1829 2250 1868 ex
2284 1811 2473 1867 codice
2503 1812 2730 1868 Bruxel-

252 1911 387 1965 lensi
427 1911 543 1973 206,
585 1926 730 1964 saec.
766 1908 891 1964 XIII
931 1909 1026 1976 (3),
1069 1914 1189 1964 tum
1230 1910 1396 1965 etiam
1442 1911 1591 1966 haud
1635 1911 1726 1966 diu
1767 1916 1895 1980 poet
1927 1928 1995 1966 ex
2038 1910 2230 1967 codice
2271 1911 2598 1967 Visbadensi
2640 1912 2730 1974 20,

251 2027 392 2065 saec.
414 2010 515 2065 XV
532 2011 623 2076 (4),
650 2010 790 2078 typis
813 2014 899 2065 est
919 2009 1085 2064 edita.
1121 2011 1259 2065 Cum
1281 2027 1393 2079 qua
1422 2027 1537 2066 non
1571 2012 1754 2066 solum
1783 2011 1840 2066 in
1863 2016 1983 2066 toto
2015 2006 2339 2067 narrationis
2378 2016 2586 2075 tenore,
2622 2011 2723 2067 sed

252 2111 548 2180 aliquando
573 2110 743 2164 etiam
772 2109 902 2178 ipsis
928 2109 1110 2164 verbis
1143 2109 1398 2165 convenit
1431 2110 1569 2175 Vita,
1602 2126 1772 2180 quam
1794 2109 1856 2165 in
1875 2110 2214 2178 Legendario
2248 2110 2518 2165 ausu-iaco
2539 2126 2733 2180 reppe-

256 2210 454 2274 rimns;
491 2208 713 2264 brevior
733 2212 923 2262 tamen
944 2208 1056 2262 fere
1089 2212 1190 2264 est.
1221 2208 1473 2263 Iamvero
1505 2198 1707 2273 utrum,
1740 2209 1891 2280 quod
1926 2210 2181 2279 equidem
2214 2208 2560 2274 crediderim,
2597 2208 2726 2265 Vin

250 2309 388 2363 haec
411 2313 605 2362 nostra
626 2305 900 2375 antiquior
922 2304 1007 2369 sit,
1019 2321 1186 2374 quam
1209 2321 1406 2375 nempe
1429 2306 1608 2360 fusius
1624 2305 1977 2375 explicaverit
2002 2306 2225 2361 alterius
2241 2305 2398 2360 Vitae
2421 2310 2630 2367 auctor.
2651 2322 2725 2360 an

249 2414 441 2463 nostra
481 2406 708 2461 alterius
739 2406 813 2459 sit
841 2406 1097 2474 epitome,
1137 2420 1248 2459 non
1279 2405 1508 2460 omnino
1548 2410 1781 2469 constat,
1826 2405 1990 2475 idque
2034 2405 2087 2460 ei
2131 2395 2519 2475 inquirendum
2556 2404 2727 2460 relin-

252 2507 488 2577 quimus,
526 2505 619 2576 qui
654 2506 786 2560 data
821 2521 989 2574 opera
1011 2504 1082 2560 ad
1119 2504 1173 2559 d.
1205 2506 1266 2559 1⁷
1300 2505 1616 2559 novembris
1648 2505 1707 2559 in
1745 2508 1898 2560 Actis
1935 2486 2262 2560 Sanctorum
2299 2504 2368 2559 de
2400 2504 2458 2558 S.
2498 2504 2722 2559 Florino

257 2607 552 2675 scripturus
576 2610 674 2660 est.
1983 2618 1988 2623 “

317 2706 594 2761 Libellum
618 2703 955 2760 contulimus
977 2719 1105 2758 cum
1128 2703 1461 2773 apographo,
1496 2703 1645 2773 quod
1679 2703 1825 2759 inter
1846 2703 2122 2759 maiorum
2143 2705 2461 2760 nostrorum
2482 2702 2719 2759 schedas

254 2807 594 2875 repperimus
616 2805 674 2858 in
697 2804 884 2858 codice
905 2803 1251 2858 Bruxellensi
1273 2803 1406 2858 bibl.
1427 2819 1538 2871 reg.
1560 2804 1695 2858 8946
1723 2803 1812 2871 (=-
1834 2804 1935 2868 Gk
1957 2803 2016 2858 in
2036 2819 2148 2872 quo
2171 2807 2351 2859 exstat
2371 2803 2569 2858 eadem
2592 2802 2717 2857 Vita

254 2921 398 2959 anno
430 2904 562 2958 1689
583 2902 859 2958 submissa
881 2918 948 2956 ex
972 2902 1309 2956 monasterio
1332 2902 1567 2957 Sanctae
1589 2902 1792 2957 Mariae
1815 2902 2107 2966 Gai-stensi,
2123 2890 2413 2971 desumpta
2427 2916 2642 2970 nempe.
2659 2905 2725 2956 ut

252 3002 455 3058 ibidem
478 3007 734 3057 notatum
753 3006 857 3065 est,
873 3017 944 3056 ex
961 3005 1179 3055 vetusto
1196 3002 1568 3070 manuscripto
1586 2993 1775 3056 codice
1790 3003 2150 3057 membraneo
2174 3002 2248 3069 (5)
2268 3005 2324 3056 et
2344 2981 2560 3056 collata.

320 3101 498 3156 Vitam
530 3102 589 3156 in
612 3101 849 3170 capitula
870 3101 949 3155 ita
971 3099 1271 3166 divisimus,
1296 3105 1360 3155 ut
1391 3100 1603 3169 sinmla
1624 3101 2020 3170 responderent
2051 3100 2277 3169 siugulis
2310 3099 2561 3170 capitulis
2593 3099 2726 3155 alte-

249 3198 363 3252 rim
383 3198 560 3263 Vitae,
578 3197 648 3253 de
669 3214 780 3267 qua
804 3213 987 3267 supra.
2113 3183 2114 3186 ¹

845 3431 1018 3492 Vita
1059 3395 1295 3491 sancti
1336 3431 1609 3490 morini
1650 3431 2102 3491 confessoris.

343 3602 406 3657 1.
449 3594 637 3659 Beati
664 3563 906 3658 morini
947 3592 1332 3658 confessoris
1369 3592 1627 3669 christi,
1670 3593 1853 3657 euius
1881 3593 2075 3657 hodie
2104 3592 2384 3675 gloriosa
2411 3592 2719 3658 natalicia

255 3692 671 3778 celebramu3‚
698 3691 929 3757 laudes
958 3697 1025 3756 et
1065 3692 1418 3775 praeconia
1454 3696 1671 3756 tacere
1712 3711 1847 3756 non
1888 3692 2222 3757 debemus.
2246 3690 2457 3757 Huius
2497 3692 2722 3775 itaque

252 3793 493 3874 genitor
520 3791 837 3857 oriundus
868 3811 950 3856 ex
989 3791 1328 3856 Britannia
1370 3792 1651 3873 regione,
1680 3811 1853 3873 quae
1895 3795 1996 3856 est
2026 3792 2153 3856 sita
2189 3793 2360 3857 inter
2399 3795 2717 3884 montana

324 4007 390 4075 (1)
424 4007 693 4063 Praefatio
732 4023 949 4075 nempe,
982 4006 1165 4075 prima
1196 4012 1251 4061 et
1290 4007 1483 4061 ultima
1518 4005 1794 4061 Passionis
1829 4008 2000 4062 verba
2034 4008 2176 4061 edita
2215 4007 2721 4076 sunt-ap.Bumun,

262 4089 579 4145 Bibliotheca
602 4092 939 4159 Leopoldma
962 4091 1365 4152 Laurentinum
1380 4095 1416 4144 t.
1442 4090 1482 4151 Ι.
1501 4091 1604 4144 col.
1625 4090 1826 4144 573-74.
1851 4089 2249 4144 Praefationem
2267 4095 2324 4145 et
2345 4095 2627 4159 praeterea
2649 4105 2720 4145 ex

262 4173 434 4227 medio
456 4174 643 4228 libello
684 4173 1022 4242 aliquantam
1047 4178 1257 4241 partem
1297 4173 1521 4240 protulit
1557 4173 1712 4227 Giov.
1751 4173 1807 4228 F.
1832 4173 2013 4238 Banu,
2049 4173 2223 4228 ecum·
2253 4175 2718 4228 dorico-artium·

251 4272 355 4320 per
372 4260 569 4311 seri-ire
586 4259 647 4310 aa·
663 4258 840 4325 quida
864 4258 929 4309 ed
951 4258 1329 4309 illustratione
1353 4257 1413 4308 di
1436 4256 1492 4310 S.
1516 4256 1753 4309 Minimo
1775 4257 1833 4309 al
1858 4255 2038 4310 Monte
2061 4256 2321 4321 (Pirene,
2345 4255 2512 4320 1850).
2528 4271 2582 4324 P.
2604 4257 2720 4310 16⁷·

268 4337 369 4390 171.
393 4338 567 4393 Pauca
590 4339 862 4408 quaedam
900 4339 1123 4405 iusuper
1157 4339 1404 4405 suppleta
1446 4343 1576 4392 sunt
1608 4343 1722 4392 tam
1759 4339 1830 4392 ab
1873 4338 1938 4392 R.
1965 4338 2289 4399 Davmsom«.
2317 4338 2717 4404 Forschunqen,

264 4432 313 4484 p.
336 4420 411 4483 36,
428 4428 543 4476 tum
568 4439 602 4474 a
626 4422 788 4476 nobis
813 4437 993 4489 supra.
1018 4449 1083 4460 —-
1105 4423 1177 4485 (2².)
1215 4422 1309 4474 Ed.
1333 4420 1477 4489 apud
1502 4421 1653 4482 Lam,
1689 4425 1726 4474 t.
1752 4437 1814 4484 c.,
1837 4436 1888 4489 p.
1912 4437 2115 4475 xum-n..
2143 4421 2309 4474 Deest
2330 4421 2593 4488 praefatio
2617 4437 2717 4476 seu

264 4502 479 4568 epistula
520 4505 791 4571 Drogonis
830 4505 900 4558 ad
941 4504 1389 4559 Hildebrandum.
1428 4505 1491 4558 In
1514 4504 1623 4558 fine
1662 4509 1851 4559 autem
1890 4509 2012 4572 post
2050 4503 2379 4558 sollemnem
2413 4502 2717 4557 clausulam

265 4584 436 4639 addita
464 4593 546 4640 est
567 4603 711 4640 saec.
735 4585 831 4639 XV
855 4587 1228 4654 paragraphus
1251 4587 1477 4648 (Poiche
1500 4588 1555 4641 la
1576 4587 1765 4641 chiesa
1786 4587 1841 4640 di
1867 4587 2038 4653 Dio...)
2060 4602 2203 4656 quae
2230 4586 2284 4639 in
2309 4585 2717 4653 exemplaribus

261 4664 434 4722 latinis
455 4685 566 4723 non
588 4670 800 4737 legitur.
823 4697 890 4707 —
911 4669 983 4734 (3)
1003 4669 1064 4722 In
1084 4673 1274 4723 nostro
1297 4670 1473 4724 Catal.
1496 4671 1663 4724 Bruoe
1682 4713 1695 4734 ‚
1715 4675 1756 4724 t.
1779 4671 1802 4723 I
1825 4670 2015 4737 (1886),
2032 4686 2083 4738 p.
2113 4669 2313 4723 1⁶22-st
2334 4696 2403 4707 —
2423 4669 2499 4733 (4)
2520 4668 2570 4721 A
2589 4682 2644 4721 v.
2664 4667 2724 4723 d.

268 4745 494 4803 r.·W.-E.
514 4751 686 4810 Rom.
705 4751 851 4819 apud
868 4751 1224 4814 vomenta,
1248 4753 1601 4806 Romam‘sche
1618 4753 2021 4819 Fenchimqem
2039 4751 2155 4806 t.V1
2175 4752 2365 4816 (1891).
2378 4767 2429 4818 p.
2441 4750 2716 4804 atro-81.—

268 4826 340 4892 (5)
361 4828 509 4886 Hunc
538 4832 788 4900 suspicor
821 4848 942 4885 esse
981 4833 1230 4887 codicem
1253 4849 1396 4887 saec.
1433 4832 1558 4887 XIII
1581 4838 1887 4896 exaratum,
1909 4834 2003 4902 qui
2027 4833 2160 4887 olim
2188 4833 2499 4886 Gar-atensis
2521 4823 2724 4886 coeno·

268 4907 341 5040 gii
375 4912 482 4972 ruit.
505 4914 671 4968 hodie
710 4930 840 4967 vero
879 4915 935 4969 in
978 4914 1312 4969 bibliotheca
1350 4914 1549 4983 Lycaei
1581 4914 1881 4969 Lineiensis
1919 4922 2248 4969 asservatur.
2292 4914 2371 4969 CL
2418 4915 2721 4969 Archiou-0

318 4991 464 5054 cmii,
487 5000 525 5049 t.
547 4993 614 5060 X,
637 5011 690 5064 p.
713 4996 831 5050 611.
