3487 5450
342 1945 369 1974 ¹⁸
391 1944 427 2000 f.
456 1945 557 1999 15v.

345 4437 393 4468 '⁸
416 4436 454 4492 s.
478 4439 559 4492 16.

686 560 831 634 320
1358 580 1940 637 ammonariam
1990 580 2491 634 mansuram

686 779 741 835 et
782 772 954 835 omui
979 772 1290 855 spurcitia
1330 768 1749 851 habundanti,
1778 770 1932 855 quin
1962 772 2087 832 imo
2130 770 2462 854 iniquitate
2485 768 2746 853 fetida?
2778 768 2918 836 Hec
2972 772 3176 853 pater

686 868 1044 952 intelligens
1072 868 1429 950 obstupuit,
1457 886 1579 933 nec
1620 867 1900 951 amplius
1948 868 2032 933 de
2069 867 2440 933 huiusmodi
2482 871 2762 934 materia
2791 887 3169 934 sermonem

688 969 909 1034 edixit.

774 1075 842 1133 5.
885 1067 1188 1146 Quadam
1229 1086 1384 1131 vero
1427 1066 1533 1132 die
1559 1070 1774 1131 mater
1810 1065 2014 1131 filium
2057 1069 2307 1131 secrete
2342 1066 2691 1145 advocans,
2724 1067 2945 1133 omnia
2975 1067 3174 1150 preli·

687 1168 848 1233 bata
869 1171 932 1232 et
963 1167 1046 1231 de
1076 1167 1213 1231 eius
1237 1166 1370 1231 voti
1393 1166 1788 1249 obligatione
1816 1166 2053 1230 seriem
2083 1166 2339 1231 retexit.
2369 1166 2539 1232 Puer
2574 1185 2730 1231 vero
2752 1186 2903 1232 cum
2931 1167 3170 1232 verbo·
3208 1181 3245 1229 s

688 1287 835 1332 rum
863 1267 1256 1332 sententiam
1296 1266 1715 1331 devotissime
1745 1266 2179 1342 observasset,
2214 1264 2306 1330 sic
2334 1266 2664 1331 humiliter
2693 1267 2975 1332 affatur:
3011 1266 3170 1351 qu,

689 1367 917 1450 inquit,
941 1365 1277 1428 libertatem
1306 1385 1432 1427 non
1455 1364 1666 1445 habea,
1690 1364 1800 1427 sed
1822 1363 1935 1428 sub
1955 1364 2103 1448 iuqo
2131 1362 2406 1429 salubris
2427 1367 2751 1448 reqiminis
2777 1365 3172 1429 constitutus.

699 1465 866 1545 Quid
892 1467 1107 1548 iqitur,
1138 1472 1339 1527 mater
1383 1485 1541 1545 mea,
1572 1485 1667 1527 me
1692 1463 1905 1545 facere
1948 1462 2138 1543 iubes,
2181 1484 2264 1526 an
2297 1464 2532 1528 mundo
2566 1466 2799 1528 servire
2842 1471 2898 1527 et
2940 1472 3174 1549 tempo—

691 1566 864 1629 ralia
891 1563 1228 1646 honorifice
1269 1564 1679 1647 pertransire,
1719 1569 1834 1627 aut
1891 1561 2214 1627 Christum
2259 1583 2476 1626 amare
2515 1564 2829 1649 eidemque
2869 1565 2937 1626 iu
2979 1584 3172 1627 sacra

692 1665 985 1747 reliqione
1027 1663 1378 1747 obsequium
1411 1669 1712 1747 perpetuo
1751 1660 2030 1726 exhibere
2075 1660 2362 1740 libamen,
2405 1664 2572 1726 utin
2614 1669 2892 1727 eternum
2921 1663 3169 1727 valeam
3209 1675 3282 1726 40

693 1783 895 1827 secum
928 1766 1121 1827 vivere
1139 1762 1171 1825 ,9
1200 1762 1366 1826 Nam
1395 1764 1602 1846 sicque
1630 1782 1726 1825 me
1761 1761 2099 1845 obliqastis.
2128 1761 2335 1826 Mater
2364 1781 2519 1827 vero
2555 1763 2804 1828 concite
2833 1763 2925 1828 sic
2954 1763 3171 1829 dicere

694 1865 1006 1926 conatur:
1032 1860 1166 1924 Fili
1192 1862 1642 1940 amantissime,
1678 1861 1916 1923 votivas
1946 1858 2344 1943 obliqationes
2374 1858 2615 1924 abolere
2643 1882 2767 1924 non
2797 1861 3035 1941 studea,
3065 1862 3174 1927 sed

694 1961 826 2023 iam
855 1967 978 2024 toto
1007 1960 1190 2023 corde
1218 1960 1520 2043 supplico,
1549 1961 1911 2044 quatenus*
1928 1960 2376 2042 promissiones
2389 1961 2846 2043 persolvamus,
2868 1952 3173 2046 quoniam

692 2061 922 2124 servire
980 2057 1114 2123 Deo
1170 2079 1434 2143 reqnare
1490 2066 1595 2122 est.
1651 2058 1795 2137 Quo
1852 2058 2035 2123 finito
2095 2077 2414 2136 sermone,
2482 2061 2669 2142 quasi
2726 2060 2914 2125 dictis
2970 2061 3173 2127 finem

692 2179 963 2243 ponenS,
992 2159 1083 2225 sic
1125 2159 1380 2242 inquit:
1425 2159 1636 2223 Mater
1664 2180 1824 2239 mea,
1851 2158 2090 2239 faciam
2136 2158 2300 2242 quod
2336 2161 2592 2224 orturis.
2637 2159 2935 2244 Cumque
2977 2165 3170 2244 pater
3214 2181 3281 2229 es

693 2259 961 2324 domum
988 2257 1435 2340 ingrederetur
1475 2262 1542 2323 et
1578 2258 2037 2335 discumberet,
2067 2258 2158 2322 sic
2184 2278 2349 2341 puer
2393 2278 2551 2325 voce
2592 2259 2805 2324 lucida
2836 2261 3170 2326 internum

691 2356 1101 2439 propositum
1130 2356 1196 2420 in
1218 2355 1433 2421 medio
1463 2358 1814 2437 parentum
1850 2355 2167 2420 eructavit
2198 2378 2214 2420 ε
2249 2354 2614 2441 Nunquam,
2647 2357 2879 2441 inquit,
2909 2379 3174 2422 comme-

695 2455 864 2538 dam,
896 2476 1004 2518 nec
1031 2454 1257 2535 bibam,
1298 2455 1489 2517 donec
1534 2454 1692 2517 mihi
1732 2454 2184 2519 benedixeritis.
2225 2454 2540 2521 Parentes
2580 2475 2733 2522 vero
2780 2457 2889 2540 pio
2932 2457 3175 2522 affectu

696 2555 999 2620 dixerunt
1040 2577 1055 2618 :
1107 2555 1441 2618 Benedicat
1490 2562 1546 2618 te
1593 2553 1789 2634 Deus,
1823 2554 1940 2637 fili,
1991 2561 2175 2639 atque
2218 2554 2458 2639 diriqat
2506 2557 2576 2619 in
2604 2558 2862 2636 ,smitis
2904 2558 3053 2620 suis.
3093 2556 3175 2621 Et

695 2657 965 2737 accepta
994 2653 1464 2729 benedictione,
1494 2653 1579 2717 ab
1603 2652 1695 2717 eis
1725 2653 2029 2736 profugit,
2073 2657 2136 2718 et
2171 2653 2330 2718 abiit
2365 2654 2452 2719 ad
2479 2660 2872 2721 conventum
2903 2656 3175 2722 Carme-
3212 2674 3284 2725 w
3388 2648 3399 2659 ’

693 2752 958 2818 litarum
985 2753 1274 2835 Trapani
1296 2754 1463 2817 circa
1494 2752 1624 2817 duo
1654 2754 1929 2818 miliaria
1958 2754 2417 2836 propinquum,
2445 2774 2653 2837 eoque
2674 2756 2966 2821 medium
2988 2759 3173 2821 tenet

696 2853 876 2918 iuxta
897 2857 1143 2917 terram
1170 2852 1457 2935 Trapani
1483 2856 1546 2916 et
1570 2857 1859 2917 castrum
1884 2852 2059 2936 quod
2082 2873 2269 2918 mons
2303 2854 2593 2936 Trapani
2613 2859 3029 2939 nuncupatur
3057 2857 3173 2939 (1).

695 2951 918 3017 Priore
961 2953 1294 3029 accersitO,
1339 2952 1613 3034 insignia
1643 2952 1906 3017 habitus
1957 2956 2183 3017 sancte
2232 2953 2552 3035 religionis
2596 2956 2984 3020 affectanter
3025 2974 3178 3038 pos-

695 3051 861 3116 tulat
883 3050 1299 3129 assumenda,
1328 3051 1451 3116 sibi
1475 3050 1689 3134 placet
1712 3053 1929 3116 vivere
1952 3071 2099 3116 cum
2124 3051 2452 3131 fratribuS,
2478 3054 2761 3119 exortari
2786 3055 3177 3120 anhelanter

697 3170 830 3216 non
878 3151 1148 3216 desistit.
1200 3150 1386 3215 Prior
1433 3170 1588 3214 vero
1641 3150 1760 3215 hos
1817 3170 2153 3217 sermones
2210 3171 2357 3216 cum
2401 3152 2709 3230 audisset,
2740 3153 3176 3219 admiratione
3212 3167 3284 3218 π

699 3251 893 3333 digna
929 3250 1272 3329 recusavit,
1316 3250 1660 3333 ipsumque
1701 3251 1875 3332 patri
1919 3251 2287 3321 destinavit.
2319 3269 2439 3317 sua
2477 3253 2705 3334 puerili
2745 3255 2922 3318 etate
2965 3254 3181 3319 consi-

700 3350 953 3415 derata.
2092 3359 2104 3367 “

783 3456 848 3514 6.
892 3448 1206 3531 Sequenti
1249 3452 1440 3513 nocte
1469 3467 1679 3531 sopno
1708 3449 1891 3531 gravi
1920 3450 2173 3532 rapitur
2199 3454 2408 3532 pater.
2438 3450 2600 3515 Ecce
2643 3455 2856 3516 mater
2883 3452 3176 3518 Redem-

700 3548 905 3630 ptoris
955 3547 1066 3630 pia
1108 3547 1399 3612 eiusdem
1448 3548 1635 3629 pueri
1683 3549 1857 3630 patri
1907 3548 2233 3631 apparuit,
2264 3555 2326 3614 et
2355 3550 2448 3614 ita
2482 3550 2923 3633 increpatione
2953 3551 3177 3618 fulcita

702 3647 1158 3711 comminando
1195 3648 1284 3711 sic
1314 3647 1555 3711 affatur
1585 3667 1600 3710 :
1638 3647 1773 3711 Cur
1801 3646 2073 3711 debitum
2103 3668 2229 3711 non
2255 3648 2491 3729 reddis,
2519 3649 2627 3712 sed
2654 3649 2866 3713 aliena
2896 3652 3124 3715 retines
3150 3650 3184 3714 ,ἲ
3211 3662 3284 3715 30

708 3744 883 3809 Nam
908 3745 1084 3828 filias
1128 3753 1274 3809 tuus
1296 3747 1370 3809 de
1398 3767 1589 3810 carne
1615 3755 1808 3811 natus
1831 3754 1919 3810 est
1948 3748 2079 3828 tibi,
2123 3748 2231 3811 sed
2258 3747 2417 3811 milii
2442 3757 2735 3832 perpetuo
2757 3749 3068 3834 obliqatus
3091 3750 3181 3815 ad

704 3845 1090 3928 sacrificium
1134 3845 1474 3909 libaminis.
1530 3846 1601 3909 Si
1646 3866 1893 3910 servum
1940 3868 2144 3911 meum
2191 3847 2349 3910 mihi
2399 3867 2520 3910 non
2567 3848 2940 3927 reddideris,
2985 3858 3183 3914 morte

705 3946 1077 4030 turpissima
1119 3946 1237 4009 cito
1280 3946 1592 4010 morieris.
1629 3945 1717 4010 At
1760 3946 1864 4010 ille
1906 3946 2108 4011 nimio
2152 3951 2400 4012 terrore
2442 3967 2808 4030 percussuS,
2851 3949 3182 4032 evigilans,

706 4049 940 4109 cuncta
985 4043 1248 4109 visionis
1298 4045 1589 4109 seriatim
1640 4045 1895 4128 coniugi
1947 4046 2112 4111 illico
2167 4047 2517 4111 enarravit.
2563 4047 2645 4111 Et
2687 4048 2794 4112 illa
2846 4054 3184 4115 asserente

707 4144 956 4209 concito
984 4147 1433 4226 perrexerunt,
1484 4164 1874 4228 summoque
1904 4144 2183 4211 diluculo
2226 4145 2312 4210 ad
2355 4151 2748 4212 conventum
2804 4148 3184 4215 deveniunt.
3220 4158 3290 4210 35

707 4242 914 4308 Priori
937 4246 1000 4307 et
1024 4243 1333 4308 fratribus
1351 4243 1666 4308 visionem
1687 4244 2045 4309 terribilem
2067 4244 2539 4323 retulerunt,ac
2558 4245 2761 4311 filium
2785 4248 3185 4329 promissum

709 4347 944 4426 sponte
970 4343 1399 4422 tradiderunt,
1422 4343 1724 4407 habitum
1747 4347 1972 4408 sancte
2001 4343 2324 4426 religionis
2353 4344 2726 4427 suppliciter
2756 4346 3187 4414 induendum.

710 4442 1119 4507 Adveniente
1162 4448 1384 4507 autem
1427 4442 1532 4508 die
1555 4445 1590 4483 *
1637 4462 1767 4525 quo
1810 4442 2217 4525 ingressurus
2261 4449 2433 4508 esset
2474 4464 2623 4508 cum
2652 4445 2881 4510 habitu
2923 4465 3188 4514 sacram

710 4541 1105 4623 religionem,
1148 4547 1623 4625 congregantur
1663 4542 1947 4607 universi
1989 4542 2240 4607 nobiles
2267 4543 2489 4608 videre
2526 4544 2897 4609 huiusmodi
2925 4553 3192 4629 specta-

780 4771 855 4836 (1)
890 4771 1036 4825 Haec
1070 4771 1287 4826 nonita
1307 4777 1426 4826 arte
1447 4772 1715 4827 definiunt
1740 4773 1926 4827 ceteri.
1952 4772 2038 4827 Sic
2062 4777 2097 4827 3
2118 4792 2138 4826 .·
2159 4776 2317 4827 euius
2351 4782 2404 4828 et
2434 4777 2742 4841 opulentum
2767 4784 2817 4829 et
2849 4778 3048 4831 celebre
3082 4796 3198 4834 nan

709 4854 841 4923 plus
874 4871 1038 4922 quam
1071 4856 1181 4908 duo
1211 4858 1391 4909 millia
1420 4872 1687 4923 passuum
1722 4857 1981 4924 Drepana
2016 4859 2200 4920 distat,
2230 4858 2359 4924 plus
2393 4865 2572 4912 tamen
2604 4860 2677 4911 ad
2713 4859 2954 4913 radicem
2987 4860 3198 4930 Erycis

716 4954 937 5005 veram
961 4938 1035 5002 (n.
1057 4937 1129 5003 3).
1150 4937 1298 4993 Nihil
1317 4943 1365 4993 2.
