3487 5450
690 540 787 614 26
1726 559 1817 613 m:
1869 559 2110 613 meno

686 752 994 834 scriptum
1041 770 1165 815 esse
1204 749 1523 833 exemplar
1569 748 1993 833 archetypum.
2043 749 2202 813 Cum
2253 748 2416 811 enim
2467 755 2704 812 certum
2758 750 2840 815 sit
2889 770 3018 815 non
3067 749 3145 816 ab

685 848 1005 913 hodiernis
1036 847 1566 913 Sancrucensibus
1605 848 1918 912 codicibus
1947 868 2138 933 neque
2172 849 2459 932 proxime
2500 868 2692 932 neque
2734 857 2961 915 remote
2992 871 3149 935 pro-

680 946 943 1030 fluxisse
990 947 1303 1032 quaedam
1351 946 1739 1031 Leqendarii
1786 947 2178 1031 exemplaria
2204 985 2286 994 —
2328 947 2759 1012 Admuntense
2812 949 3039 1015 scilicet
3092 959 3149 1016 et

688 1046 1040 1111 Mellicense
1060 1083 1141 1094 —
1163 1054 1516 1132 sequeretur
1543 1047 1609 1110 in
1640 1066 1769 1110 uno
1799 1046 2123 1133 eodemque
2152 1048 2421 1110 Sanctae
2457 1046 2680 1111 Crucis
2708 1047 2987 1113 coenobio
3015 1049 3143 1115 duo

684 1145 932 1228 inteqra
954 1146 1143 1209 totius
1166 1143 1548 1229 Leyendarii
1567 1144 1954 1229 exemplaria
1974 1180 2053 1192 —
2081 1143 2489 1230 archetypum
2513 1166 2728 1230 nempe
2755 1146 3147 1231 deperditum

687 1250 742 1307 et
753 1252 1088 1327 praeterea.
1113 1244 1276 1308 illud
1298 1244 1465 1330 quod
1484 1242 1661 1307 nobis
1687 1251 2001 1307 servatum
2026 1250 2115 1307 est
2137 1245 2402 1309 —inter
2432 1266 2676 1309 annum
2704 1247 2863 1310 1181
2885 1255 2940 1311 et
2957 1248 3145 1332 finem

687 1362 847 1408 saec.
869 1342 1024 1407 XII
1037 1363 1162 1408 esse
1184 1351 1472 1408 exarata.
1505 1342 1685 1423 Quod
1705 1344 1814 1406 vix
1836 1342 1994 1407 mihi
2004 1344 2391 1427 persuadere
2400 1365 2681 1428 possum.
2754 1342 2764 1356 '

787 1544 999 1629 Neque
1019 1543 1213 1607 multo
1226 1544 1453 1606 certius
1472 1540 1633 1624 defin
1642 1542 1732 1606 ire
1755 1540 2035 1606 valemus
2050 1562 2125 1606 ex
2147 1541 2518 1627 quibusnam
2542 1543 2723 1608 libris
2741 1544 3148 1611 collectionem

688 1668 880 1713 suam
907 1642 1330 1727 compilaverit
1354 1641 1697 1705 monachus
1727 1661 2110 1725 anonymus.
2138 1640 2383 1707 Habuit
2405 1642 2652 1728 quidem
2678 1664 2837 1728 prae
2861 1645 3151 1712 manibus

688 1755 744 1813 et
754 1746 1008 1833 passim
1036 1741 1365 1824 exscripsit

777 1847 842 1931 1)
901 1840 1267 1925 Wolfhardi
1294 1839 1838 1925 martyroloqium,

770 1946 840 2029 2)
895 1941 1188 2027 Greqorii
1218 1939 1604 2004 Turonensis
1625 1959 1838 2023 opera,

774 2045 842 2129 3)
887 2040 1099 2106 Bedae
1118 2039 1481 2104 Historiam
1508 2040 1988 2104 ecclesiasticam
2010 2040 2215 2124 qentis
2235 2039 2609 2124 Anylorum,

773 2143 844 2225 4)
894 2141 1069 2222 Quae
1112 2140 1202 2203 sic
1224 2139 1479 2203 ‚dicitur
1524 2141 1555 2172 “
1589 2138 1884 2203 Datiana
1925 2137 2194 2203 historia
2237 2139 2519 2203 ecclesiae
2566 2139 3056 2206 Mediolanensis
3093 2192 3153 2226 „,

689 2244 870 2309 cuius
886 2247 1104 2326 partes
1132 2240 1331 2304 variis
1349 2238 1503 2302 locis
1525 2239 1617 2302 ita
1638 2239 1987 2321 exscripsit,
2013 2244 2085 2302 ut
2104 2237 2351 2302 tandem
2371 2258 2573 2323 paene
2604 2245 2736 2304 tota
2759 2237 3155 2324 Leqendario

685 2343 1084 2407 insereretur.

774 2440 898 2506 Sed
916 2444 1268 2524 praeterea,
1288 2444 1344 2501 et
1377 2434 1625 2521 quidem
1649 2437 2026 2519 praesertim
2056 2436 2124 2520 5)
2153 2435 2525 2500 Passionale
2552 2437 2873 2523 quoddam
2898 2446 3155 2522 praesto

695 2538 930 2621 habuit,
962 2559 1037 2602 ea:
1078 2557 1198 2623 quo
1241 2557 1475 2621 maqna
1505 2541 1661 2599 certe
1686 2555 1855 2620 pars
1887 2535 2257 2601 collectionis
2294 2535 2530 2600 hausta
2558 2543 2667 2601 est.
2709 2536 2897 2617 Quod
2923 2538 3156 2604 collata

689 2640 829 2704 alia
852 2638 1048 2704 simili
1074 2636 1417 2702 collectione
1445 2637 1875 2718 comperimus,
1900 2654 2127 2720 maqno
2147 2655 2362 2719 nempe
2392 2635 2787 2720 Leqendario
2828 2636 3158 2704 Windber-

684 2741 889 2826 qensi,
918 2739 1098 2802 cuius
1124 2736 1446 2801 volumina
1476 2755 1583 2799 sex
1610 2755 1774 2799 saec.
1799 2733 1956 2799 XII
1967 2741 2232 2799 exarata
2258 2737 2328 2799 in
2348 2734 2707 2800 bibliotheca
2732 2738 2906 2821 reqia
2930 2736 3154 2804 Mona-

689 2839 857 2903 censi
896 2843 1229 2902 servantur
1256 2835 1365 2919 (1).
1398 2833 1570 2898 Huic
1609 2834 1919 2898 nimirum
1957 2853 2084 2899 non
2115 2854 2333 2917 pauca
2373 2842 2522 2899 sunt
2565 2856 2715 2900 cum
2757 2835 3153 2922 Leqendario

692 2939 1018 3004 austriaco
1046 2936 1434 3016 communia,·
1456 2933 1562 2997 sed
1591 2941 1646 2998 et
1670 2933 1870 2998 multa
1900 2934 1968 2997 in
1991 2935 2310 2999 austriaco
2331 2935 2629 3020 lequntur
2647 2939 2895 3021 quaein
2931 2936 3154 3003 Wind-

687 3037 965 3122 berqensi
1015 3034 1256 3116 desunt,
1301 3053 1520 3118 pauca
1577 3032 1890 3120 quaedam
1938 3034 2006 3096 in
2071 3032 2539 3118 Windberyensi
2593 3055 2753 3120 quae
2799 3036 3021 3102 desunt
3068 3040 3145 3103 in

691 3137 1014 3202 austriaca
1026 3157 1053 3215 ,·
1076 3141 1143 3197 ut
1166 3132 1575 3215 manifestum
1596 3134 1678 3197 sit
1699 3153 1741 3195 a
1769 3133 2086 3197 communi
2100 3132 2274 3215 fonte
2291 3140 2538 3217 partem
2553 3133 2802 3219 quidem
2822 3137 3155 3222 utriusque

697 3235 1087 3315 collectionis,
1126 3253 1255 3297 non
1296 3251 1436 3296 vero
1474 3233 1752 3314 inteqras
1791 3229 2165 3297 collectiones
2193 3252 2504 3298 manasse.
2538 3232 2644 3298 Ex
2676 3233 2778 3298 his
2816 3254 2956 3299 vero
2995 3256 3157 3321 quae

693 3356 842 3400 mox
862 3336 930 3397 in
946 3331 1305 3397 excutiendo
1337 3329 1807 3416 Windberqensi
1833 3318 2223 3416 Leyendario
2253 3331 2842 3414 animadvertemus,
2864 3336 3157 3400 certiores

690 3434 913 3519 fiemus
939 3431 1260 3516 exemplar
1288 3430 1450 3495 illud
1478 3430 1902 3515 archetypum,
1930 3450 2005 3494 ex
2045 3450 2167 3516 quo
2213 3438 2426 3514 partes
2472 3430 2784 3517 quaedam
2828 3434 3156 3520 utriusque

674 3532 1082 3619 .Le9endarii
1108 3532 1410 3616 oriqinem
1452 3529 1792 3606 duxerunt,
1843 3550 1969 3593 non
1997 3530 2387 3614 deperditum
2426 3530 2746 3615 quoddam
2791 3530 3156 3617 Wolfhardi

697 3631 1168 3719 Leqendarium
1208 3650 1353 3710 esse,
1398 3629 1506 3693 sed
1553 3629 1923 3713 passionale
1978 3650 2085 3694 seu
2126 3628 2561 3714 leyendarium
2603 3630 2790 3696 aliud
2830 3632 3156 3718 quodlibet,

698 3732 864 3819 quod
892 3732 1120 3796 certius
1149 3730 1476 3815 desiynare
1501 3749 1627 3792 non
1638 3749 2003 3814 possumus.

793 3831 969 3898 Unde
999 3837 1256 3917 praeter
1287 3829 1654 3913 passionale
1689 3828 1853 3894 illud
1879 3830 1945 3912 6)
1975 3829 2135 3894 alios
2161 3832 2350 3894 etiam
2379 3829 2585 3913 libros,
2616 3831 2686 3894 in
2714 3831 2936 3917 quibus
2984 3831 3158 3898 Vitae

697 3937 1063 3997 sanctorum
1111 3930 1206 3994 vel
1252 3928 1555 4012 sinyulae,
1604 3928 1695 3992 vel
1726 3928 1945 4012 plures
1993 3928 2486 4012 continebantur,
2541 3929 2824 3995 adhibuit
2876 3931 3159 3997 collector

697 4038 911 4096 noster
937 4035 992 4094 et
1019 4029 1340 4114 expilavit.
1383 4028 1664 4108 Quorum
1686 4027 1989 4092 librorum
2000 4048 2167 4113 pars
2196 4029 2415 4114 aliqua
2443 4035 2599 4094 certe
2622 4030 2870 4113 penitus
2901 4031 3158 4112 interiit,

698 4150 843 4194 cum
863 4149 988 4192 non
1006 4147 1253 4212 paucae
1281 4147 1356 4191 ex
1391 4125 1552 4189 Vitis
1573 4123 2117 4212 Passionibusque,
2131 4128 2368 4212 quaein
2395 4127 2789 4213 Leqendario
2832 4130 3155 4195 austriaca

700 4227 879 4293 nobis
906 4234 1190 4292 servatae
1216 4233 1377 4307 sunt,
1409 4227 1479 4294 in
1506 4224 1681 4288 nullo
1708 4224 1837 4289 alio
1866 4224 2067 4289 codice
2095 4227 2225 4289 iam
2252 4228 2672 4310 reperiantur.

793 4327 1107 4408 Quoniam
1140 4345 1282 4390 vero
1309 4332 1395 4389 est
1421 4324 1574 4389 haec
1599 4325 1791 4388 unica
1832 4323 2339 4390 documentorum
2380 4327 2639 4391 minime
2663 4328 3157 4412 spernendorum

696 4426 945 4510 fodina,
974 4424 1311 4490 dolendum
1333 4426 1545 4510 utique
1573 4423 1739 4509 quod
1766 4423 2111 4508 leyendarii
2130 4424 2434 4508 collector,
2457 4426 2529 4490 id
2551 4426 2719 4512 quod
2749 4429 2884 4491 iam
2914 4431 3159 4494 monuit

702 4547 759 4592 v.
787 4526 866 4590 cl.
906 4523 981 4591 Ο.
1031 4523 1506 4610 Holder-E'qqer
1541 4524 1660 4606 (2),
1699 4523 2050 4608 complures
2107 4523 2285 4589 Vitas
2327 4532 2708 4607 sanctorum,
2748 4528 2859 4612 qui
2890 4528 3161 4614 sinqulis

700 4625 853 4691 locis
878 4623 1236 4689 colebantur
1262 4624 1355 4688 vel
1399 4623 1667 4688 minoris
1702 4625 2102 4688 auctoritatis
2140 4624 2321 4708 apud
2356 4646 2496 4690 eum
2520 4626 2804 4709 fuerunt,
2845 4625 3161 4694 breviatas

773 4839 1023 4980 (¹1¹)85OEm.
1059 4839 1330 4894 nmo-⁴5.
1367 4837 1448 4893 Cf.
1497 4838 1673 4893 Neues
1707 4838 1928 4903 Archiv,
1967 4841 2009 4893 t.
2039 4836 2135 4906 IX,
2157 4854 2210 4908 p.
2242 4838 2441 4894 64043.
2472 4869 2542 4880 -
2561 4839 2634 4909 (2)
2658 4842 2805 4909 Ma„
2838 4841 2954 4899 Ser.
2976 4847 3016 4898 t.
3042 4843 3161 4912 XV,

703 4940 757 4994 p.
914 4964 929 4979 .
