3487 5450
674 520 766 594 10
1555 538 1646 592 nt
1694 530 2246 593 mmonocm

706 732 928 816 Isept.
998 731 1252 796 Verene
1321 730 1479 813 virg.
1551 728 1731 823 (add.
1799 749 1862 793 s.·
1953 729 2179 794 20oct.
2282 732 2737 794 Dedicatio
2778 730 3136 793 ecclesie

709 909 713 914 p
1082 828 1238 906 XI.)
1264 830 1380 912 (1).
2361 834 2431 892 S.
2480 830 2839 904 Quirini
2877 835 3132 893 mart.

709 931 753 994 6
791 936 944 1014 sept.
1012 929 1231 1012 Magni
1259 928 1428 995 conf.
2361 927 2543 1008 (add.
2566 927 2654 992 al.
2675 947 2860 991 man.
2890 947 2943 992 s.
2979 925 3141 1011 XI.)

710 1031 755 1094 7
776 1036 929 1113 sept.
998 1028 1252 1112 Regine
1278 1029 1438 1110 virg.
1952 1029 2033 1091 21
2063 1034 2178 1093 oet.
2282 1027 2372 1092 XI
2394 1026 2644 1092 milium
2675 1026 3015 1109 virginum.

707 1128 753 1192 8
779 1134 931 1211 sept.
1001 1126 1376 1193 Corbiniani
1410 1125 1580 1191 conf.
1952 1128 2038 1191 23
2066 1136 2178 1192 oct.
2283 1126 2576 1192 Severini
2603 1125 2799 1209 episc.

668 1227 752 1291 14
777 1233 933 1310 sept.
1002 1226 1281 1291 Materni
1308 1226 1505 1308 episc.

667 1326 756 1390 22
778 1332 929 1410 sept.
998 1325 1466 1390 Emmerammi
1495 1329 1690 1390 mart.
1998 1324 2040 1386 7
2062 1342 2198 1387 nov.
2282 1322 2678 1388 Willibrordi
2708 1324 2902 1407 episc.

930 1494 933 1497 Α
997 1425 1419 1490 Liutdrudae.
1993 1424 2037 1486 8
2063 1442 2203 1487 nov.
2286 1422 2633 1488 willebadi
2653 1424 2796 1507 (sie)
2819 1425 3015 1507 episc.

668 1525 754 1589 26
778 1531 928 1608 sept.
997 1523 1261 1589 Eusebii
1286 1523 1481 1608 episc.
1953 1521 2039 1585 12
2062 1541 2200 1586 nov.
2284 1520 2528 1586 Arsatii
2557 1520 2723 1587 conf.

667 1624 754 1689 29
779 1631 930 1707 sept.
999 1622 1365 1688 Wenzezlai
1390 1624 1586 1688 mart.
1956 1621 2038 1684 16
2063 1640 2203 1685 nov.
2291 1619 2591 1686 Othmari
2611 1621 2892 1687 abbatis.

913 1803 916 1806 q
1956 1721 2042 1784 17
2064 1739 2202 1785 nov.
2287 1719 2526 1786 Florini
2553 1722 2722 1787 conf.

722 1823 752 1885 1
781 1829 895 1887 oct.
1001 1820 1290 1885 Vedasti.
1956 1819 2044 1883 22
2065 1839 2204 1885 nov.
2249 1836 2256 1839 ’
2289 1819 2560 1903 Longini
2585 1823 2780 1886 mart.

671 1922 756 1986 10
780 1927 894 1985 oet.
998 1918 1318 2002 Bul-gurdi
1347 1918 1542 2001 episc.

669 2021 751 2087 11
782 2026 896 2084 oet.
1000 2018 1161 2083 Iusti
1244 2020 1310 2082 et
1387 2016 1710 2082 Arthemii
1793 2018 1861 2082 et
2000 2018 2045 2081 7
2070 2015 2198 2082 dec.
2287 2016 2510 2083 Savini
2537 2016 2732 2101 episc.

1085 2116 1381 2183 Honeste
1401 2115 1561 2199 virg.
1999 2116 2045 2180 8
2072 2115 2200 2180 dee.
2287 2114 2564 2181 Zenonis
2605 2116 2801 2199 episc.
2844 2120 2912 2181 et
2951 2118 3146 2182 mart.

672 2218 756 2283 13
782 2224 897 2283 oet.
1004 2220 1561 2282 cholomanni
1600 2221 1858 2280 mart.
2288 2215 2591 2280 Eucherii
2636 2215 2922 2299 archiep.
2947 2214 3141 2281 TreV.

1085 2324 1154 2394 (a
1169 2313 1289 2379 dd.
1359 2314 1456 2379 al.
1500 2330 1725 2378 enan.
1807 2333 1861 2378 s.
1964 2315 2046 2377 13
2073 2313 2205 2379 dec.
2295 2313 2560 2379 ottiliae
2588 2316 2747 2398 virg.

1089 2412 1244 2496 XI.)
1270 2414 1385 2497 (2).
1963 2415 2048 2479 18
2073 2414 2202 2479 dee.
2290 2414 2684 2479 Wnnehaldi
2711 2413 2877 2479 conf.

677 2517 760 2581 15
788 2520 903 2580 oct.
1006 2512 1315 2596 Speciose
1341 2511 1506 2595 virg.
1965 2513 2048 2575 23
2076 2512 2234 2577 dee.>
2295 2512 2567 2578 Fabiani
2595 2513 2791 2597 episc.

678 2616 763 2679 16
789 2619 902 2678 oct.
1004 2612 1168 2678 Luni
1232 2610 1610 2695 archiepisc.
1682 2608 1865 2693 (add.
1966 2612 2049 2676 29
2075 2612 2220 2676 dec..
2296 2611 2529 2678 Obitus
2556 2611 2766 2677 David
2792 2610 2982 2694 regis..

1092 2711 1180 2779 al.
1213 2733 1388 2777 man.
1421 2731 1476 2776 s.
1502 2708 1659 2789 XL)
1965 2711 2051 2775 30
2083 2709 2213 2777 dec.
2299 2710 2672 2795 Theogenis
2699 2713 2894 2776 mart.

771 2892 962 2959 Nune
988 2893 1318 2978 adipsum
1360 2891 1886 2978 martyroloyium
1910 2849 2255 2956 veniamu‘s.
2306 2890 2490 2972 Quod
2515 2912 2637 2977 quo
2679 2898 2950 2976 tempore
2989 2911 3149 2956 con-

683 2993 991 3077 scriptum
1017 2994 1120 3074 sit,
1143 2991 1493 3077 yeneratim
1518 2991 1690 3056 docet
1709 3012 2068 3076 anonymus
2095 2990 2492 3071 Haserensis,
2522 3011 2660 3055 cum
2695 2990 2905 3055 tradit
2947 2989 3152 3075 Wolf·

683 3091 964 3156 bardum
986 3090 1226 3156 iubente
1261 3089 1702 3156 Erchanboldo
1722 3093 2002 3175 episcopo
2024 3091 2356 3174 (882·912)
2378 3090 2543 3154 illud
2568 3092 2999 3176 composuisse.
3029 3090 3153 3155 Sed

685 3198 743 3257 et
784 3189 1024 3255 addere
1045 3209 1382 3274 lmssumus
1411 3188 1835 3273 probabiliter
1854 3195 2000 3254 ante
2038 3210 2280 3253 annum
2306 3191 2434 3254 895
2460 3209 2616 3274 opus
2638 3210 2764 3254 esse
2782 3188 3152 3275 perfectum.

689 3287 945 3352 Etenim
972 3287 1050 3350 de
1091 3285 1438 3371 Walburqa
1480 3287 1723 3371 virqine
1770 3307 1846 3350 ne
1884 3286 2059 3350 verbo
2088 3286 2337 3373 quidem
2378 3288 2664 3351 meminit
2700 3286 3156 3369 Wolfhardus;

692 3406 874 3470 aeyre
893 3392 1102 3450 autem
1126 3384 1284 3449 mihi
1300 3386 1725 3470 persuaserim
1754 3387 2032 3470 eum,qui
2050 3406 2217 3450 anno
2238 3387 2484 3451 circiter
2509 3387 2636 3452 895
2656 3392 2958 3472 quattuor
2976 3386 3156 3451 libris

691 3485 1011 3550 miracula
1037 3485 1214 3549 illius
1255 3485 1523 3568 viryinis
1562 3491 2001 3565 enarraverat,
2037 3485 2235 3549 altum
2265 3483 2342 3549 de
2368 3506 2440 3550 ea
2469 3486 2787 3550 silentium
2815 3487 2887 3549 in
2915 3492 3158 3571 marty-

690 3584 953 3669 roloqio,
972 3585 1031 3648 si
1050 3583 1220 3648 illud
1229 3590 1449 3668 postea
1477 3585 1889 3668 compositum
1911 3590 2076 3665 esset,
2106 3585 2306 3667 fuisse
2325 3592 2721 3650 servaturum
2739 3584 2777 3647 ,2
2798 3584 2950 3649 Non
2976 3582 3157 3668 diffi-

694 3690 831 3749 teor
884 3682 1188 3768 equidem,
1242 3684 1578 3767 quominus
1623 3682 1789 3746 haee.
1806 3702 2080 3767 prorsus
2127 3682 2544 3765 affirmemus,
2599 3685 2842 3748 obstare
2881 3683 2952 3748 id
2990 3682 3159 3770 quod

686 3788 906 3868 postea
927 3783 1238 3846 ostensuri
1257 3801 1497 3864 sumus,
1529 3783 1928 3865 nempe‘inter
1941 3782 2148 3865 fontes
2194 3781 2560 3866 Wolfhardi
2575 3783 3012 3848 recmsendum
3033 3803 3160 3848 esse

698 3880 963 3947 Notkeri
985 3880 1530 3966 martyroloqium.
1569 3880 1862 3946 Iamvero
1890 3888 2035 3946 ante
2063 3902 2303 3946 annum
2330 3883 2456 3947 895
2489 3882 2754 3947 Notkeri
2779 3883 3161 3968 martyrolo-

687 3982 795 4067 9io
820 3981 920 4045 uti
936 4001 1062 4045 non
1082 3987 1326 4065 poterat
1382 3979 1828 4063 Wolfharclus,
1856 4001 1995 4043 cum
2039 3980 2202 4044 illud
2233 4002 2402 4045 anno
2441 3982 2568 4046 896
2607 3983 2691 4045 sit
2717 3983 3159 4066 conscriptum.

694 4080 779 4146 In
805 4101 872 4145 eo
893 4100 1109 4165 nempe
1146 4101 1209 4144 a.
1242 4079 1306 4144 d.
1350 4078 1494 4144 VII
1510 4079 1643 4144 kal.
1690 4080 1829 4143 mai
1856 4079 2026 4143 locus
2054 4079 2315 4164 quidam
2367 4080 2613 4166 leqitur,
2639 4083 2708 4145 in
2738 4100 2858 4166 quo
2886 4080 2964 4145 de
2980 4080 3165 4145 rebus

693 4198 861 4243 anno
880 4179 1006 4242 896
1028 4178 1218 4261 yestis
1242 4178 1335 4241 ita
1367 4177 1590 4242 scribit
1613 4175 1930 4241 Notkerus
1957 4199 1979 4240 .·
2008 4177 2382 4260 patriarcha
2412 4183 2635 4243 noster
2655 4179 2876 4244 Hatho
2897 4178 3163 4262 Magon-

688 4276 1001 4342 fiacensis
1029 4276 1394 4361 episcopus,
1424 4277 1537 4360 qui
1564 4276 1690 4342 hoc
1718 4295 1892 4342 anno
2001 4281 2202 4359 caput
2238 4277 2375 4342 eius
2414 4277 2508 4361 (S.
2546 4278 2824 4362 Georyii)
2854 4325 2911 4344 ...
2931 4297 3164 4361 aspor-

694 4375 861 4441 tavit
887 4375 1003 4459 (3).
1026 4374 1284 4460 Erqone
1316 4374 1619 4440 dicendus
1660 4382 1750 4439 est
1792 4374 2228 4457 Wolfhardus,
2253 4376 2486 4441 nedum
2510 4383 2654 4441 ante
2679 4398 2787 4442 an.
2806 4377 2952 4459 895,
2970 4379 3167 4442 immo

757 4565 832 4634 (1)
859 4566 923 4621 In
944 4567 1333 4636 martyrologio
1369 4568 1534 4621 etiam
1558 4567 1629 4621 ad
1653 4567 1888 4621 eandem
1920 4566 2069 4622 diem
2091 4567 2278 4623 addita
2299 4573 2385 4622 est
2406 4572 2598 4637 postes
2631 4569 2900 4623 memoris
2932 4568 2987 4624 S.
3008 4569 3170 4624 Vere-

691 4664 816 4704 nse.
839 4678 900 4691 —
923 4649 997 4717 (Ξ)
1034 4649 1243 4703 Eadem
1266 4665 1456 4714 mann,
1475 4665 1587 4719 qus
1623 4664 1831 4704 nomen
1864 4649 1998 4705 illud
2020 4649 2079 4705 in
2094 4649 2410 4705 kalendario
2425 4650 2690 4720 scriptum
2708 4655 2809 4715 est,
2825 4650 3171 4707 additum-st

693 4731 865 4787 etism
895 4731 1078 4787 rubris
1118 4731 1312 4787 litteris
1357 4731 1417 4787 in
1452 4732 1574 4802 ipso
1621 4732 2009 4801 martyrologio
2048 4734 2119 4787 sd
2155 4732 2481 4800 hat—(3)
2514 4734 2597 4789 ct.
2635 4734 2697 4788 E.
2729 4729 3006 4799 Dflmtun'.
3044 4735 3167 4790 Dae

696 4815 1153 4886 Martyroloqium
1188 4817 1419 4871 Noctem
1457 4817 1576 4871 und
1624 4818 1769 4870 seina
1808 4815 2183 4882 Ver-nomam,
2212 4815 2271 4870 in
2304 4816 2686 4872 Fonscnunan
2721 4833 2824 4873 m
2869 4833 3170 4874 usuum

695 4897 1048 4963 flecma.
1070 4901 1109 4976 ‚²-
1135 4897 1299 4964 m,
1330 4915 1383 4968 p.
1401 4899 1517 4954 202.
2767 4892 2773 4897 ⁴
