3487 5450
1082 586 1177 638 nx
1226 586 1388 640 coo.
1438 585 1795 638 vll-nemo
1845 585 1999 639 38⁴³.
2633 563 2779 638 329

299 759 511 838 nostri
535 771 723 837 Bnesu
755 772 1013 837 Christi.
1045 772 1234 839 Tunc
1272 774 1366 839 ait
1412 772 1797 856 Adynolfus,
1837 793 2045 857 sopno
2089 777 2437 857 soporatus
2467 796 2485 838 ε
2515 772 2784 856 Por'riye

305 873 465 938 mihi
506 893 789 951 manum,
819 873 1090 938 credens
1133 872 1312 938 illum
1340 873 1548 950 affari,
1578 872 1800 938 videre
1842 873 2369 956 et'corporaliter
2395 878 2640 939 tenere.
2670 872 2792 946 Vir,

303 978 527 1039 autem
555 972 672 1037 Dei
702 973 1051 1038 videbatur
1079 974 1410 1038 desteram
1438 973 1788 1056 porrigere.
1819 971 2034 1051 Quam
2076 992 2226 1038 cum
2255 974 2359 1037 ille
2402 974 2781 1057 accepisset,

303 1092 347 1139 a
366 1092 576 1156 sopno
606 1091 723 1138 seu
753 1073 1001 1138 visione
1029 1072 1368 1150 excitatus,
1389 1071 1689 1155 protinus
1717 1071 1999 1137 surrexit
2027 1075 2094 1136 et
2121 1073 2423 1138 omnibus
2471 1073 2783 1138 visionem

230 1190 265 1239 ο
302 1174 654 1238 enarravit.
687 1171 810 1250 Qui
832 1191 1229 1255 consurgens
1251 1170 1605 1237 commedit
1626 1175 1691 1235 et
1712 1170 1895 1250 bibit,
1919 1175 1986 1236 et
2007 1171 2411 1237 confortatus
2433 1172 2782 1238 convaluit.

298 1271 461 1337 Post
498 1273 619 1338 hec
659 1278 874 1336 mater
922 1270 1053 1336 filio
1103 1276 1330 1336 votum
1382 1271 1734 1353 indagavit.
1785 1268 1976 1348 Quod
2024 1290 2174 1336 cum
2212 1271 2620 1353 cognovisset
2654 1271 2780 1352 ille,

296 1371 676 1454 religionem
708 1370 1084 1453 ingreditur.
1116 1370 1250 1436 Sed
1277 1373 1430 1453 post
1473 1369 1714 1435 multos
1760 1369 1919 1448 dies,
1963 1373 2184 1453 spreto
2228 1370 2405 1435 cultu
2432 1370 2672 1448 divino,
2701 1390 2782 1435 eo

299 1471 478 1555 quod
497 1471 839 1554 parentela
859 1469 1093 1535 nobilis
1115 1482 1308 1548 esset,
1329 1468 1707 1549 religionem
1729 1487 1988 1533 sacram
2009 1469 2267 1552 reliquit
2297 1474 2363 1534 et
2384 1474 2598 1534 artem
2619 1470 2783 1534 arri-

297 1571 444 1652 puit
483 1570 853 1635 militarem.
896 1569 1196 1635 Tandem
1241 1572 1574 1634 transacto
1621 1568 1935 1651 temporis
1974 1569 2188 1651 spatio
2228 1568 2504 1647 modico,
2533 1569 2779 1636 ultione

193 1686 263 1740 40
297 1670 519 1735 divina
548 1670 754 1735 vitam
782 1670 995 1752 gladio
1023 1668 1298 1747 finivit,
1280 1688 1349 1733 m
1391 1667 1695 1816 exemplo
1736 1672 2239 1751 appostatarum
2274 1672 2497 1734 nostre
2526 1672 2596 1733 et
2621 1668 2781 1734 alia-

296 1789 450 1834 rum
477 1769 859 1857 religionum
882 1770 994 1852 (l).

383 1875 503 1934 23.
549 1868 982 1951 Temporibus
1010 1867 1132 1932 illis
1160 1886 1311 1932 cum
1339 1866 1629 1978 quadam
1665 1866 1773 1930 die
1814 1885 2023 1949 usque
2063 1870 2310 1931 terram
2351 1867 2645 1933 Licatam
2687 1868 2781 1933 sic

298 1967 709 2033 nominatam
738 1967 1095 2050 peregisset
1121 1966 1222 2030 vir
1262 1965 1401 2044 Dei,
1444 1984 1486 2030 a
1528 1964 1664 2030 suis
1706 1965 2020 2030 iratribus
2062 1964 2377 2031 intellexit
2419 1967 2781 2080 quamdam

297 2067 588 2131 nobilem
616 2067 949 2131 dominam
980 2066 1182 2131 fillam
1211 2065 1457 2130 habere
1486 2085 1526 2130 a
1556 2064 1862 2130 demonio
1884 2069 2213 2130 vexatam.
2236 2064 2380 2143 Quo
2403 2066 2648 2146 audito,
2682 2067 2784 2132 vir

188 2182 259 2233 45
296 2165 419 2232 Dei
468 2167 929 2249 interrogative
970 2166 1102 2230 ait:
1154 2163 1207 2249 O
1255 2164 1524 2241 Sathan,
1565 2165 1637 2228 in
1670 2170 1974 2247 potestate
2015 2166 2196 2229 cuius
2235 2164 2342 2228 hec
2379 2166 2546 2248 facis
2569 2166 2605 2230 ‚9
2640 2167 2783 2232 Hec

298 2266 524 2331 dicens
566 2267 914 2348 suspirium
960 2265 1323 2330 maximum
1366 2265 1600 2329 emisit.
1632 2263 1777 2342 Quo
1804 2269 2116 2347 percepto
2149 2284 2190 2329 a
2212 2266 2247 2304 *
2277 2265 2605 2345 fratribus,
2637 2268 2785 2350 qui-

298 2364 455 2429 dam
480 2385 703 2430 eorum
730 2366 1031 2430 continue
1047 2363 1255 2429 'nobili
1274 2363 1539 2429 domine
1560 2364 1685 2428 hoc
1707 2362 2168 2429 denunctiatur
2182 2364 2293 2448 (2),
2307 2364 2483 2429 illam
2505 2385 2784 2431 monens

243 2522 247 2525 .
294 2469 371 2529 ut
401 2465 489 2529 ad
508 2465 721 2529 virum
752 2464 873 2529 Dei
900 2463 1228 2528 humiliter
1256 2463 1528 2542 veniret,
1551 2482 1669 2546 spe
1692 2464 2142 2546 recuperande
2167 2483 2283 2529 sue
2305 2464 2433 2528 filie
2462 2465 2784 2531 sanitatis.

296 2564 412 2629 Ula
441 2584 596 2629 vero
627 2564 1084 2629 ardentissimo
1114 2562 1404 2628 caritatis
1426 2562 1682 2627 fervore
1704 2582 1984 2636 accensa
2005 2563 2092 2627 ad
2115 2563 2326 2627 virum
2348 2563 2468 2628 Dei
2489 2566 2782 2646 accessit,

184 2678 257 2734 ιο
297 2663 393 2730 sic
420 2663 759 2747 inquiens:
782 2662 873 2731 In
898 2662 1034 2728 Deo
1062 2664 1212 2727 etin
1243 2663 1372 2727 tais
1398 2663 1636 2725 sanctis
1656 2662 1899 2725 ‚neritis
1921 2682 2102 2747 spero
2133 2663 2415 2727 desolata
2446 2664 2782 2731 consolari.

297 2761 476 2828 Nam
523 2763 666 2846 filia
717 2785 855 2827 mea
903 2761 1094 2827 unica
1143 2761 1458 2826 diabole'ca
1509 2762 1949 2826 lacessitudine
1988 2769 2054 2859 et·
2090 2763 2464 2846 infirmitate
2512 2765 2785 2849 turpiter
2903 2729 2908 2734 .

292 2863 699 2948 astrinyitur.
732 2862 1110 2927 Maledictus
1140 2862 1246 2926 ille
1277 2860 1474 2926 hostis
1503 2863 1569 2923 in
1600 2868 1808 2925 ventre
1848 2869 1982 2926 tam
2026 2861 2255 2926 nobilis
2289 2864 2496 2946 puelle
2537 2863 2785 2929 diutius
2895 2937 2900 2942 ‚

289 2983 541 3027 moram
600 2964 824 3027 traxit.
879 2960 1178 3044 Dt'qneris
1231 2981 1376 3045 eryo
1428 2961 1608 3025 illam
1658 2962 1936 3044 visitare,
1987 2961 2149 3024 mihi
2195 2982 2432 3047 quoque
2478 2964 2781 3027 solatium

285 3068 640 3146 praestare.
663 3061 775 3126 Vir
804 3061 922 3126 Dei
945 3061 1260 3126 maternis
1280 3061 1590 3144 precibus
1617 3060 1951 3126 convictus
1975 3061 2060 3125 ad
2087 3061 2375 3144 puellam
2402 3062 2780 3145 ingreditur,

176 3186 253 3237 a
290 3160 387 3227 sic
430 3180 582 3225 eam
623 3160 1010 3226 salutando:
1060 3159 1205 3224 Pax
1260 3167 1480 3241 tecum,
1537 3161 1714 3245 siquo
1756 3166 1966 3224 sancte
2019 3161 2226 3225 erucis
2267 3161 2597 3245 insiynita,
2636 3162 2781 3245 filia

288 3254 484 3326 Dtes‘u
520 3259 778 3324 Christi.
807 3260 889 3325 Et
917 3260 1223 3342 cum'per
1262 3278 1536 3324 manum
1576 3258 1688 3324 illa
1728 3259 2293 3342 apprehendisset,
2336 3260 2405 3325 in
2445 3261 2782 3327 sinistram

286 3358 628 3424 maxillam
658 3358 777 3425 Dei
805 3359 925 3424 viri
954 3359 1244 3442 porrexit
1272 3357 1557 3440 alapam.
1580 3357 1693 3422 Vir
1720 3357 1840 3422 Dei
1870 3358 1982 3436 ait,
2011 3358 2121 3423 illa
2141 3378 2274 3424 non
2295 3359 2562 3425 relicta:
2586 3361 2782 3427 Probe

286 3457 452 3522 mihi
484 3465 538 3522 et
583 3459 802 3541 aliam,
829 3465 1013 3542 pater
1053 3457 1482 3541 superborum.
1530 3456 1843 3546 Diabolus
1884 3477 2040 3523 vero
2086 3458 2454 3548 humilitate
2495 3460 2616 3524 viri
2658 3460 2779 3527 Dei

285 3558 601 3623 confusus
628 3577 708 3623 ac
730 3558 979 3623 meritis
1007 3557 1321 3634 devictus,
1341 3557 1435 3622 sic
1456 3557 1700 3621 affatur
1723 3580 1741 3622 ε
1769 3555 1909 3620 Heu
1938 3578 2134 3642 quam
2143 3559 2366 3641 patior
2386 3559 2513 3622 tuis
2536 3561 2780 3624 ‚neritis

171 3679 246 3734 30
283 3664 343 3722 et
376 3665 485 3722 tuo
529 3658 869 3736 adrem-tm
892 3657 1209 3742 profuyus
1236 3656 1427 3721 exibo.
1459 3656 1579 3722 Cui
1608 3656 1707 3720 vir
1734 3656 1895 3722 Dei:
1927 3656 2047 3721 Ille
2075 3659 2186 3742 qui
2209 3665 2264 3721 te
2292 3660 2525 3722 creavit
2554 3665 2611 3723 et
2636 3680 2781 3743 pec-

283 3766 431 3822 eato
474 3764 581 3821 tuo
609 3756 686 3820 de
715 3757 1036 3841 paradiso
1076 3755 1336 3840 expulit,
1378 3755 1455 3821 de
1497 3776 1755 3840 corpore
1799 3757 2146 3821 innocentis
2168 3757 2372 3841 puelle
2400 3764 2455 3821 te
2484 3758 2776 3842 expellat.
2841 3833 2845 3838 ,

281 3857 434 3937 Quo
456 3856 703 3935 audit0,
724 3856 943 3939 puella
965 3856 1399 3922 tremebunda
1423 3856 1595 3933 facta
1618 3859 1738 3933 est,
1764 3859 1827 3921 et
1852 3855 1952 3921 vir
1977 3855 2097 3921 Dei
2119 3861 2275 3922 tunc
2298 3858 2423 3922 ait:
2440 3857 2779 3943 Eqredere,

280 3956 561 4038 Sathan,
609 3956 686 4020 de
730 3976 991 4039 corpore
1029 3956 1233 4039 puelle
1276 3955 1516 4020 Christi
1556 3957 1808 4018 nomine
1856 3955 2155 4020 dedicate.
2209 3956 2259 4020 F
2261 3960 2541 4040 actoque
2590 3958 2775 4041 signo

279 4060 516 4122 sancte
566 4055 775 4120 crucis
831 4075 1030 4137 super
1078 4074 1248 4144 eam,
1297 4074 1542 4137 aquam
1591 4047 2008 4119 benedictam
2057 4056 2366 4137 asperxit.
2422 4055 2503 4120 Et
2560 4057 2655 4122 sic
2708 4058 2775 4123 in

166 4176 243 4228 35
281 4154 533 4221 Christi
557 4152 824 4219 nomine
854 4157 922 4219 et
948 4152 1196 4218 meritis
1219 4153 1340 4216 viri
1362 4151 1482 4217 Dei
1512 4151 2062 4235 diaboluseffugit
2091 4172 2241 4218 cum
2286 4154 2574 4220 maximo
2609 4154 2778 4220 toni-

278 4258 457 4320 truo
500 4252 727 4318 Puella
773 4273 927 4318 vero
971 4272 1121 4317 cum
1160 4252 1286 4317 hoc
1328 4250 1754 4335 cognovisset,
1798 4253 2046 4333 gratias
2095 4252 2224 4335 egit
2253 4251 2392 4318 Deo
2436 4258 2504 4319 et
2543 4258 2773 4321 sancto

278 4353 428 4418 viro
457 4352 569 4436 (3).

369 4459 490 4517 24.
521 4451 852 4534 Tempore
879 4449 986 4514 ino
1030 4450 1319 4532 quadam
1349 4448 1453 4512 die
1483 4426 1633 4514 cum
1662 4448 1760 4513 vir
1790 4448 1909 4513 Dei
1940 4454 2114 4514 esset
2148 4449 2482 4516 Panormii
2510 4451 2772 4518 civitate

277 4551 600 4634 Trapani,
629 4550 927 4634 permisit
949 4548 1123 4614 Deus
1146 4549 1481 4632 quandam
1510 4548 1791 4631 puellam
1822 4568 1969 4613 cum
1995 4549 2194 4614 fratre
2217 4570 2334 4616 suo
2357 4551 2614 4628 ludere;
2644 4572 2772 4636 que

350 4803 429 4868 (1)
465 4800 589 4856 Om.
612 4800 722 4854 hoc
754 4799 1080 4854 miraculum
1104 4804 1169 4863 5,·
1193 4803 1502 4866 apostatam
1529 4814 1699 4852 manu
1723 4798 1903 4852 fratris
1935 4798 2019 4853 sui
2054 4798 2280 4867 periisse
2313 4804 2568 4854 asserunt
2587 4805 2774 4867 2,3‚4,·

273 4883 551 4951 additque
572 4886 623 4944 2,
641 4881 677 4934 f.
699 4889 1019 4944 ccccxxxv⁸,
1037 4878 1365 4933 miraculum
1386 4878 1547 4942 aliud,
1564 4879 1711 4947 quod
1729 4878 1896 4933 ceteri
1922 4895 2118 4933 omnes
2138 4895 2245 4932 om.
2268 4911 2332 4921 -
2354 4880 2431 4944 (2)
2451 4880 2538 4934 Sic
2563 4879 2685 4935 Vat.
2702 4910 2771 4920 —

271 4968 350 5032 (3)
375 4964 535 5021 Idem
559 4963 807 5018 referunt
831 4968 881 5028 3,
903 4967 951 5027 4,
967 4967 1036 5030 5,·
1052 4962 1328 5016 contrabit
1355 4961 1655 5015 admodum
1678 4967 1726 5016 2.

555 5080 706 5118 Αιω..
740 5079 907 5129 nou„
933 5079 985 5117 r.
1018 5078 1148 5116 xvn.
1494 5111 1501 5118 .
2437 5062 2504 5116 22

2919 2273 3146 2329 *hw-
