3487 5450
1320 599 1672 653 armon:
1721 599 1819 652 lx.
2587 569 2591 573 ⁹
2662 581 2811 656 165

342 791 609 867 verunt3
629 790 826 855 nam*
844 789 1164 855 stabiliter
1190 794 1420 856 contra
1436 793 1863 875 praeceptum
1883 790 2189 858 Pechiani
2198 792 2244 872 ⁸,
2255 792 2397 876 ipso
2418 792 2808 875 admirante,
2832 879 2836 882 Α

346 890 691 954 steterunt.
732 889 897 955 Item
923 889 1262 956 cuiusdam
1287 889 1433 955 laici
1459 890 1748 956 timentis
1790 909 1944 956 suos
1970 890 2262 957 inimicos
2291 892 2415 958 sibi
2440 893 2811 978 ‘appropin-

246 980 253 984 ’
345 988 668 1071 quantes'
688 989 991 1055 continuo
1011 989 1344 1055 benedixit
1385 994 1601 1073 caput,
1630 995 1700 1056 et
1739 990 1964 1056 statim
1990 1010 2219 1056 versus
2248 992 2444 1058 estin
2485 993 2808 1075 clericum,

346 1089 412 1153 et
439 1087 531 1152 sic
559 1087 873 1154 liberatus
901 1093 1000 1155 est
1029 1089 1112 1154 de
1131 1096 1335 1155 manu
1363 1089 1819 1172 quaerentium
1846 1109 1995 1155 eum
2024 1090 2406 1157 interficere.

268 1201 306 1251 ο
430 1193 503 1250 8.
539 1186 614 1251 In
657 1186 944 1271 quadam
972 1189 1305 1272 provincia
1352 1193 1579 1255 sancto
1605 1186 1890 1255 Rfinano
1907 1191 1931 1229 ¹
1947 1190 2321 1274 propinqua
2340 1191 2368 1229 ²
2395 1190 2665 1275 quidam
2690 1211 2810 1258 rex

350 1286 615 1351 nomine
642 1286 894 1353 Dichuss
903 1289 949 1367 ³,
964 1287 1131 1353 filius
1171 1287 1524 1354 Huiusseni
1543 1289 1590 1368 ⁴,
1600 1289 1703 1354 hic
1732 1288 1960 1354 callide
1980 1289 2240 1355 volebat
2263 1295 2563 1356 sanctum
2585 1288 2813 1357 Runa-

346 1404 508 1451 num
538 1386 778 1467 fallere,
809 1392 875 1452 et
914 1387 1089 1452 misit
1130 1407 1280 1453 eum
1310 1388 1396 1453 ad
1439 1388 1767 1453 dextrales
1789 1389 1817 1427 ⁶
1844 1407 2196 1471 campanes
2225 1389 2312 1455 ad
2355 1389 2518 1455 filios
2545 1390 2811 1456 Adedo-

345 1485 528 1549 slane
573 1491 773 1569 atque
813 1487 1071 1552 interim
1101 1489 1313 1571 coepit
1354 1488 1701 1553 aedificare
1730 1486 1866 1552 sibi·
1895 1488 2193 1566 insulam,
2236 1490 2338 1554 cui
2380 1509 2623 1555 nomen
2665 1490 2816 1556 est⁸

345 1584 710 1650 Lochreum
734 1587 777 1650 7.
806 1586 1090 1652 Tantam
1119 1592 1343 1652 autem
1364 1586 1845 1652 multitudinem
1876 1589 2287 1670 congregavit
2308 1593 2449 1653 tam
2476 1589 2817 1655 hominum

237 1697 303 1746 «o
349 1704 550 1767 quam
578 1685 1038 1763 iumentorum,
1064 1691 1141 1752 ut
1167 1686 1288 1751 hoc
1316 1706 1501 1769 opuS‚
1529 1687 1805 1752 absente
1845 1683 2148 1766 RimanO,
2177 1688 2496 1769 potuisset
2523 1688 2815 1772 implere.

352 1783 541 1861 Quod
572 1785 666 1849 ita
688 1785 931 1850 sactum
955 1788 1094 1864 est3
1122 1805 1257 1852 una
1297 1786 1402 1851 die
1431 1791 1646 1851 totum
1685 1806 1851 1869 opus
1872 1786 2240 1869 complevit.
2275 1787 2524 1853 Deinde
2552 1793 2818 1854 sanctus
2940 1801 2951 1809 ’

351 1880 676 1948 Rfinanus
720 1890 1054 1950 revertens
1083 1903 1202 1968 per
1233 1886 1409 1950 illam
1430 1887 1605 1951 viam
1634 1886 1897 1951 volebat
1931 1887 2017 1951 ad
2045 1905 2197 1951 suos
2224 1907 2540 1959 remeare.
2571 1888 2821 1971 Auriga

353 2002 510 2048 vero
537 1982 706 2048 illius
755 2003 794 2048 a
841 1984 1032 2067 longe
1060 1986 1398 2068 aspicienS,
1429 1986 1588 2050 vidit
1615 1985 2020 2068 praedictam
2048 1986 2330 2051 insulam
2357 1991 2817 2053 constructam.

353 2080 678 2148 Rfinanus
700 2087 923 2149 autem
944 2085 1279 2167 praecepit
1299 2084 1388 2149 illi
1413 2086 1501 2150 ad
1528 2086 1911 2167 vesperam⁸
1931 2084 2274 2163 declinare,
2299 2090 2366 2151 et
2392 2086 2484 2151 sic
2513 2085 2601 2152 ad
2628 2107 2818 2153 suam

239 2191 307 2241 ω
356 2182 689 2248 civitatem
712 2184 998 2262 venienS,
1008 2188 1149 2249 tota
1176 2183 1284 2249 illa
1310 2184 1568 2249 rebellis
1596 2184 1881 2249 dimersa
1903 2189 2003 2250 est
2029 2204 2176 2249 cum
2200 2185 2333 2249 suis
2354 2187 2819 2253 constructuris

357 2282 587 2361 insula,
599 2282 973 2347 hominibus
993 2282 1257 2347 tamen⁹
1275 2282 1585 2361 liberatiS,
1598 2283 1752 2366 quia
1770 2302 1904 2348 non
1930 2283 2070 2348 vult
2089 2283 2263 2348 Deus
2292 2288 2569 2349 mortem
2590 2303 2824 2368 pecca-

357 2381 536 2458 toriS,
565 2380 684 2446 sed
711 2385 787 2446 ut
815 2385 1230 2447 convertatur
1257 2386 1323 2447 et
1351 2382 1547 2447 vivat.
1577 2383 1723 2447 Rex
1745 2400 1901 2447 vero
1920 2382 2324 2465 paenitentia
2343 2383 2595 2462 ductus,
2612 2386 2823 2450 semet

352 2499 502 2544 cum
532 2480 712 2545 omni
756 2481 952 2546 domo
1001 2501 1121 2547 sua
1150 2486 1376 2547 sancto
1418 2477 1701 2546 Rfinano
1727 2481 1799 2545 in
1827 2481 2297 2564 sempiternum
2325 2482 2577 2547 obtulit.
2599 2482 2747 2548 Alio
2769 2481 2823 2522 ¹⁰

355 2582 658 2662 tempore
700 2581 1074 2663 praedictus
1122 2600 1239 2645 rex
1273 2580 1522 2645 Dichuil
1547 2582 1595 2619 ¹¹
1645 2580 1828 2664 gravi
1856 2580 2003 2664 iugo
2046 2600 2198 2646 suas
2241 2581 2535 2663 gravavit
2576 2581 2822 2664 plebes.

233 2694 309 2747 ὀ
362 2678 654 2763 Populus
692 2699 844 2764 ergo
886 2680 1110 2746 volens
1149 2679 1328 2745 illum
1364 2679 1656 2746 occidere
1708 2681 2229 2765 persequebatur
2271 2700 2421 2746 eum
2449 2681 2823 2764 fugientem,

356 2797 570 2862 usque
600 2778 759 2843 dum
787 2778 1035 2844 veniret
1065 2779 1153 2844 ad
1180 2782 1478 2844 sanctum
1506 2775 1864 2844 Rimanum
1891 2779 1960 2843 in
1986 2799 2104 2844 sua
2133 2779 2394 2844 civitate
2420 2782 2821 2846 manentem.

356 2878 637 2945 Sanctus
659 2897 815 2943 vero
842 2875 1164 2948 Ri’lnanus
1185 2898 1422 2962 rogans
1442 2869 1761 2962 populum
1780 2898 1901 2962 pro
1926 2882 2100 2958 e0,et
2112 2898 2245 2943 non
2266 2879 2618 2962 impetrata
2637 2898 2825 2963 pace,

363 2978 517 3043 fecit
545 2978 947 3060 signaculum
970 2978 1174 3043 crucis
1196 2977 1263 3043 in
1276 2978 1326 3016 ¹²
1349 2977 1559 3042 fronte
1583 2977 1738 3053 eiuS,
1763 2981 1828 3044 et
1851 2979 2075 3043 statim
2094 2978 2306 3045 factus
2329 2982 2428 3043 est
2450 2978 2638 3061 quasi
2655 2996 2827 3043 unus

366 3078 847 3156 ffinonicorum,
877 3082 943 3143 et
985 3077 1077 3142 sic
1103 3097 1325 3143 coram
1353 3077 1656 3142 omnibus
1684 3077 1773 3142 ad
1792 3077 2159 3161 praedictos
2186 3077 2352 3143 filios
2380 3077 2749 3143 Aedoslane
2773 3076 2826 3116 ¹⁸

239 3189 314 3241 π
353 3197 507 3243 cum
529 3180 761 3243 sancto
790 3178 1093 3260 episcopo
1118 3178 1168 3215 ¹⁴
1195 3177 1500 3259 perrexit.

399 3345 405 3350 ,
435 3283 505 3343 9.
532 3277 699 3342 Item
720 3277 848 3342 alio
876 3277 982 3342 die
1009 3280 1273 3342 sanctus
1299 3272 1637 3357 ,Rimanus
1677 3276 1967 3359 perrexit
2008 3277 2095 3342 ad
2134 3276 2623 3352 monasterium,
2648 3274 2826 3360 quod

361 3376 597 3442 dicitur
617 3375 942 3442 Ardslane
963 3378 1072 3460 (1),
1085 3376 1310 3441 volens
1331 3377 1497 3441 illius
1519 3376 1831 3441 abbatem
1854 3377 2136 3441 visitare.
2152 3375 2276 3455 Qui
2299 3377 2509 3441 abbas
2531 3375 2826 3458 gaudens

353 3496 506 3541 cum
534 3496 774 3559 magno
801 3476 1048 3541 honore
1076 3476 1361 3559 suscepit
1387 3475 1566 3541 illum
1592 3479 1633 3540 ¹.
1661 3475 1743 3540 Et
1786 3494 1936 3540 cum
1973 3476 2393 3558 loquerentur
2420 3474 2508 3540 ad
2547 3476 2826 3540 invicem

350 3576 436 3642 de
463 3595 666 3659 regno
695 3574 834 3654 Dei,
853 3580 1117 3642 sanctus
1144 3572 1463 3641 Rfinanus
1490 3575 1752 3640 volebat
1779 3566 2025 3654 redire;
2046 3575 2162 3640 sed
2191 3594 2323 3640 non
2349 3574 2826 3657 permisiteum

237 3691 312 3745 30
351 3676 585 3741 abbas.
608 3675 839 3741 Abbas
860 3680 1082 3742 autem
1111 3675 1360 3740 Dichua
1386 3675 1610 3740 volens
1638 3675 1929 3757 hospites
1956 3675 2241 3751 reficere,
2265 3672 2614 3738 sciscitavit
2633 3692 2828 3738 suum

353 3776 783 3854 cellerarium,
833 3779 907 3840 ut
948 3776 1140 3840 sciret
1190 3775 1346 3858 quid
1394 3775 1685 3840 haberet.
1728 3774 1839 3839 Ille
1894 3778 2117 3840 autem
2157 3773 2491 3839 confessus
2521 3776 2622 3837 est
2650 3771 2828 3854 quod
2931 3860 2934 3864 .

362 3875 610 3941 dolium
636 3875 904 3958 plenum
934 3875 1017 3940 de
1043 3875 1279 3958 butyro
1307 3875 1599 3939 baberet.
1630 3873 1822 3952 Quod
1850 3874 2058 3939 abbas
2086 3877 2312 3938 sancto
2334 3869 2617 3937 Rfinano
2636 3890 2829 3954 prae-

361 3975 610 4040 sentari
640 3974 826 4039 iussit
847 3974 900 4051 ⁸;
924 3978 1188 4039 sanctus
1209 3993 1362 4040 vero
1383 3970 1705 4060 Rfinanus
1727 3973 1971 4038 dolium
1992 3972 2665 4054 benedixit,butyrum
2686 3990 2826 4036 cre-

362 4075 506 4150 scit,
549 4079 617 4140 et
646 4078 964 4156 quantum
988 4073 1072 4138 de
1114 4093 1192 4139 eo
1219 4073 1477 4156 populis
1526 4074 1828 4151 dabatur,
1856 4072 2154 4138 tantum⁸
2175 4073 2241 4137 in
2272 4072 2443 4137 dolio
2471 4070 2826 4136 crescebat.

233 4186 319 4238 35
361 4174 598 4239 Fertur
617 4177 843 4239 autem
885 4173 1061 4256 quod
1086 4173 1210 4238 boc
1237 4193 1356 4255 per
1381 4173 1659 4238 multum
1689 4177 1950 4256 tempus
1977 4171 2197 4238 multis
2223 4172 2567 4254 prodesset
2580 4171 2626 4249 ⁴,
2655 4169 2779 4234 nisi
2804 4169 2834 4208 ⁸

356 4351 424 4362 -
448 4324 474 4358 ⁸
491 4341 575 4377 om
600 4323 811 4379 HLA.
835 4354 901 4363 —
921 4324 946 4358 ‘
964 4322 1243 4378 Felchiani
1260 4323 1400 4376 HL.
1416 4351 1484 4361 —
1508 4322 1531 4357 7
1548 4325 1602 4376 et
1617 4324 1747 4377 add.
1770 4327 1838 4377 Δ.

432 4408 499 4460 8.
525 4434 592 4445 -
616 4407 637 4440 ¹
663 4399 905 4460 Ro'nano
927 4407 996 4476 Β.
1017 4433 1086 4444 --
1117 4407 1142 4439 ¹
1160 4407 1557 4475 propinquante
1581 4408 1652 4458 A.
1676 4432 1737 4442 —
1773 4405 1798 4438 ⁸
1821 4404 2035 4458 Dichiul
2056 4405 2127 4457 R.
2147 4431 2213 4444 -
2234 4404 2259 4438 ⁴
2284 4405 2370 4457 Ita
2394 4403 2476 4470 B‚·
2497 4402 2662 4457 huius
2693 4401 2834 4458 Seni
2919 4425 2925 4430 ·

357 4488 537 4556 (Senis
568 4490 638 4552 L)
676 4489 885 4543 H.L.A.
909 4519 972 4528 -
1006 4488 1030 4523 ⁸
1052 4489 1245 4542 dextra
1280 4489 1429 4554 H.L,·
1466 4487 1716 4541 dextram
1757 4488 1824 4539 Δ.
1858 4517 1924 4527 -
1957 4487 1981 4522 ⁶
2003 4503 2103 4540 om.
2144 4487 2281 4539 HJ..
2321 4513 2383 4526 -
2425 4485 2447 4518 7
2471 4483 2827 4538 Loochceum

359 4571 837 4639 EL.-⁸pesam
857 4572 1272 4626 R.-⁹tantum
1290 4572 1435 4624 3.-
1456 4570 1705 4624 ¹⁰itidem
1726 4568 2327 4623 add.R.-—·—¹¹Tichwil
2346 4567 2828 4622 B.-¹¹om.B.—

360 4654 407 4690 ¹⁸
421 4655 698 4709 Edodane
719 4655 929 4709 ΕΒΑ.
947 4682 1014 4694 -
1037 4655 1083 4689 ¹⁴
1101 4653 1334 4708 Ronano
1359 4654 1426 4708 R.
1683 4702 1688 4707 .

427 4741 496 4792 9.
523 4765 583 4775 -
625 4739 645 4771 ¹
669 4755 753 4791 om
781 4738 992 4792 ΕΔΑ.
1020 4766 1079 4776 -
1115 4737 1399 4806 ’precepit
1430 4739 1500 4792 R.
1523 4767 1587 4777 —
1620 4739 1783 4792 ⁸ta1'1'1
1808 4737 1901 4805 H,·
1933 4741 2120 4791 tamen
2146 4738 2211 4790 L.
2243 4764 2311 4775 -·
2342 4736 2491 4789 *om
2514 4736 2584 4788 A.
2616 4765 2681 4780 -—
2722 4732 2747 4768 ⁸
2774 4735 2847 4789 ni

436 4970 516 5037 (1)
551 4971 674 5023 Ard
697 4969 902 5033 staina,
918 4968 1029 5023 iam
1050 4969 1216 5024 Slane
1232 4968 1291 5023 in
1310 4967 1783 5023 comitatu-Meam
1808 4965 1894 5034 (ἲ).
