3487 5450
1046 579 1491 634 mammo
1540 580 1959 635 Ausumco.
2642 560 2732 633 31

274 770 535 851 tineant,
561 778 770 835 tamen
799 789 924 834 uno
950 770 1101 852 loco,
1128 772 1197 835 in
1236 769 1364 853 fine
1403 790 1621 855 nempe
1656 769 1996 854 februarii,
2025 770 2337 857 quaedam
2366 768 2738 835 documenta

278 890 403 935 non
428 869 672 950 habent,
701 870 953 956 quaein
982 870 1269 935 omnibus
1308 864 1804 935 cisterciensibus
1831 872 2153 956 lequntur‚·
2174 870 2282 935 sed
2308 872 2602 953 maxime,
2632 869 2740 934 ubi

276 970 349 1034 in
385 971 524 1054 ipso
562 975 734 1033 textu
774 968 1305 1052 documentorum,
1348 990 1509 1055 quae
1547 971 1620 1033 in
1664 969 1952 1035 omnibus
1993 979 2159 1053 sunt,
2195 970 2416 1056 aliqua
2458 970 2740 1035 occurrit

275 1070 605 1134 lectionum
630 1070 926 1150 varietas,
954 1088 1135 1153 saepe
1159 1069 1325 1133 inter
1364 1089 1429 1133 se
1469 1070 1860 1134 consentiunt
1902 1070 2138 1135 codices
2179 1068 2549 1135 benedictini
2600 1076 2658 1134 et
2694 1089 2740 1133 a

277 1170 594 1234 communi
619 1168 1101 1233 cisterciensium
1129 1168 1382 1233 lectione
1406 1168 1723 1235 recedunt.

952 1500 1076 1558 IV.
1120 1500 1509 1568 Exemplar
1547 1497 2056 1556 Admuntense.

356 1707 662 1773 Servatur
713 1708 784 1770 in
839 1704 1094 1770 abbatia
1142 1705 1565 1771 Admuntensi
1620 1705 1692 1771 Ο.
1738 1705 1806 1770 S.
1866 1705 1944 1769 B.
1994 1705 2314 1787 (Admunt
2356 1706 2427 1768 in
2482 1703 2742 1785 Stiria),

275 1813 635 1891 constatque
654 1805 1071 1870 voluminibus
1090 1805 1334 1869 duobus
1357 1805 1610 1886 formae
1638 1825 1928 1890 inaynae‚
1956 1826 2116 1890 quae
2138 1805 2400 1889 payinis
2420 1803 2743 1887 bipartitis

274 1906 476 1970 nitide
528 1913 796 1970 exarata
852 1912 1002 1969 sunt
1048 1926 1208 1970 saec.
1267 1904 1466 1970 XIII
1512 1906 1626 1988 (1),
1673 1905 1899 1969 litteris
1946 1905 2297 1969 initialibus
2346 1904 2541 1968 minio
2589 1900 2744 1965 belle

274 2001 554 2086 depictis.
586 2002 915 2068 Continent
946 2022 1056 2066 sea:
1071 2004 1325 2087 priores
1353 2023 1607 2068 menses.
1639 2001 1823 2082 Quod
1860 2009 2068 2066 autem
2097 2002 2247 2067 haec
2282 2001 2456 2065 domi
2486 2006 2744 2065 nostrae

271 2102 532 2184 utmda,
551 2105 941 2185 permittente
957 2102 1388 2167 illustrissimo
1417 2101 1667 2167 Domno
1688 2101 1944 2183 Abbate,
1974 2104 2145 2165 nacti
2183 2121 2422 2182 sumus,
2453 2099 2744 2164 debemus

274 2199 721 2266 benevolentiae
742 2203 865 2265 oiri
888 2200 1224 2265 venerandi
1243 2207 1299 2265 et
1321 2202 1536 2266 multis
1556 2202 1635 2266 de
1652 2201 2076 2266 Admuntensi
2095 2203 2465 2265 monasterio
2488 2202 2743 2284 scriptis

274 2300 457 2366 libris
482 2303 710 2385 optime
732 2302 957 2382 meriti,
984 2301 1138 2365 Rev.
1173 2299 1251 2366 P.
1276 2299 1493 2365 Iacobi
1536 2299 1851 2366 Wickner.

362 2401 490 2465 Λα*
517 2432 596 2453 ==
624 2400 814 2464 codex
839 2401 1127 2484 siqnatus
1167 2402 1268 2479 25,
1293 2400 1597 2483 foliorum
1637 2401 1768 2466 272
1791 2402 2049 2484 (0¹⁸,407
2082 2418 2133 2469 ><
2188 2402 2427 2484 0‚295),
2455 2403 2730 2464 continet

276 2517 518 2562 menses
558 2499 953 2579 ianuarium,
991 2497 1412 2580 februarium,
1461 2500 1789 2563 martium.
1843 2497 2034 2564 Parti
2076 2500 2365 2563 interiori
2413 2500 2745 2583 tegumenti

274 2598 574 2682 utrinque
613 2597 1011 2681 aqqlutinata
1053 2604 1202 2660 sunt
1223 2597 1386 2680 folia
1413 2597 1668 2681 sinyula
1710 2599 1819 2680 (ε-
1862 2601 1923 2663 A
1959 2604 2015 2662 et
2047 2598 2154 2680 B),
2181 2599 2332 2662 etin
2361 2599 2562 2681 capite
2589 2596 2743 2660 libri

276 2694 511 2761 addita
537 2702 685 2762 sunt
711 2695 838 2760 duo
877 2695 1043 2779 folia
1075 2697 1354 2762 insiticia
1396 2698 1502 2780 (==
1548 2696 1599 2762 I
1628 2703 1683 2761 et
1726 2696 1839 2781 II)
1879 2698 2055 2762 viullo
2097 2718 2358 2762 numero
2385 2694 2637 2764 notata.'
2658 2695 2739 2761 In

276 2795 507 2882 quibus
527 2817 836 2881 quaenam
860 2796 1176 2879 descripta
1197 2797 1344 2878 sint,
1363 2797 1596 2881 paucis
1616 2817 1923 2862 recensere
1949 2799 2017 2861 iu
2026 2806 2148 2862 cat.

367 2892 508 2958 Fol.
536 2895 615 2958 A.
637 2896 818 2972 (saec.
842 2891 1067 2975 XIII)
1099 2916 1121 2956 .·
1149 2893 1212 2958 10
1234 2893 1503 2976 epistula
1541 2892 1788 2958 Terrici
1818 2895 2035 2978 maqni
2065 2896 2490 2978 praeceptoris
2517 2893 2745 2958 domus

271 2993 496 3076 templi
524 2994 629 3075 (=-=
668 2994 747 3058 R.
777 2992 1130 3070 Romnum,
1172 2993 1458 3076 Regesta
1485 2993 1667 3076 regni
1704 2993 2296 3078 Hierosolymam,
2340 3015 2404 3059 n.
2433 2994 2585 3074 660)
2596 3016 2625 3075 ;
2662 3031 2742 3040 —

276 3092 352 3156 2⁶
376 3092 534 3156 Alia
563 3092 828 3175 epistula
856 3091 1127 3155 eiusdem
1157 3093 1265 3174 (=
1306 3091 1666 3175 Riinmcm,
1708 3099 1756 3156 t.
1803 3113 1883 3173 c.,
1923 3115 1992 3159 n.
2037 3095 2218 3174 661),·
2259 3131 2340 3142 —-
2380 3095 2447 3158 30
2474 3093 2744 3176 epistula

283 3189 577 3255 Conradi
601 3190 988 3256 marchionis
1018 3190 1255 3254 Montis
1277 3189 1536 3256 Ferrati
1556 3190 1664 3274 (ε’-ε
1685 3191 2047 3271 Rtimucnr,
2072 3199 2120 3255 t.
2146 3213 2199 3256 c.
2207 3241 2227 3273 ‚
2256 3213 2322 3256 n.
2348 3194 2522 3274 670).

372 3289 510 3355 Fol.
561 3289 625 3354 ΙΓ
650 3293 837 3374 (saec.
875 3287 1102 3372 XIII)
1130 3297 1154 3353 '.·
1185 3291 1245 3353 10
1287 3291 1537 3353 initium
1565 3290 1924 3355 litterarum
1957 3291 2251 3374 Greqorii
2284 3290 2473 3370 VLlI,
2502 3291 2579 3355 de
2607 3294 2746 3376 qui-

279 3389 401 3454 bus
424 3388 1083 3466 Jms-Lomvmmm
1112 3409 1178 3453 n.
1225 3389 1465 3469 16019;
1509 3425 1588 3438 -—
1629 3391 1694 3452 2⁰
1720 3390 1990 3473 epistula
2017 3389 2305 3472 Radulfi,
2329 3390 2739 3473 patriarchae

279 3487 852 3571 Hierosolymitani
877 3495 933 3552 ct
965 3488 1241 3551 aliorum
1268 3487 1377 3572 (=
1397 3487 1754 3567 Rbmucnr,
1776 3488 2081 3571 Regesta‚
2106 3511 2169 3553 n.
2194 3490 2374 3572 924„
2398 3525 2475 3537 —
2495 3491 2561 3553 3⁰
2588 3491 2747 3572 epis-

280 3586 425 3652 tula
451 3587 730 3652 Simonis
757 3588 833 3651 de
871 3587 1140 3651 loncilla
1167 3586 1266 3650 ed.
1292 3585 1371 3649 ab
1394 3586 1477 3652 R.
1506 3587 1864 3669 Resinam,
1909 3587 2183 3653 Studien
2212 3609 2324 3653 zur
2353 3589 2741 3654 Geschichte

279 3687 403 3752 des
430 3686 684 3751 fiinsten
722 3687 1123 3769 Kreuzzuges
1166 3685 1406 3770 (1891),
1440 3705 1512 3768 p.
1559 3686 1792 3765 464&
1834 3723 1915 3734 —
1955 3687 2020 3751 4⁰
2051 3694 2404 3772 excerptum
2449 3709 2522 3750 ex
2561 3707 2740 3771 opere

281 3785 561 3872 quodam
600 3783 858 3850 Olicerii
893 3785 1276 3849 Coloniensis
1303 3783 1656 3849 scholastici
1696 3786 1812 3869 (2).
1851 3783 1985 3849 Inc.
2028 3809 2049 3849 .·
2078 3786 2251 3851 Sane
2296 3786 2483 3869 quasi
2511 3788 2743 3870 pignus

281 3890 354 3952 et
377 3904 596 3950 arram
623 3885 945 3949 habemus
963 3885 1032 3948 in
1057 3883 1277 3947 multis
1298 3885 1761 3966 argumentis..
1788 3883 1930 3948 Des.
1946 3885 2509 3966 :persecutionem
2530 3885 2752 3951 Sarra·

280 4002 597 4050 cenorum
621 3986 891 4066 propter
917 3984 1042 4048 hoc
1068 3982 1391 4048 sustinuit.
1421 3981 1609 4048 Unde
1647 3982 1892 4048 bellum
1933 3988 2159 4049 contra
2204 3983 2422 4066 ipsum
2450 3984 2751 4048 commis·

282 4102 439 4149 sum
493 4081 805 4164 originem
845 4081 1064 4159 duxit3
1117 4117 1196 4129 —
1242 4084 1308 4144 50
1355 4080 1770 4164 Rescriptum
1813 4081 2177 4146 litterarum
2230 4102 2393 4165 quas
2444 4082 2748 4148 dominus

281 4182 755 4248 Tharsensium
796 4180 1117 4245 Ruthenis
1161 4183 1227 4245 et
1276 4179 1583 4245 Cumanis
1625 4181 2053 4264 transcripsit,
2111 4202 2237 4264 que
2281 4183 2418 4264 regi
2467 4181 2750 4264 Ungarie

281 4279 672 4345 transmisse
713 4279 998 4353 fuerunt3
1043 4297 1170 4360 que
1214 4277 1296 4342 de
1338 4276 1556 4360 lingua
1596 4277 1889 4360 ipsorum
1929 4279 2369 4361 predicatores
2421 4280 2621 4344 verbo
2663 4279 2749 4344 ad

279 4379 564 4445 verbum
593 4378 736 4460 (sic)
765 4376 1138 4460 simpliciter
1158 4381 1312 4441 sunt
1331 4376 1645 4442 translate
1659 4402 1675 4455 ς
1690 4381 1758 4442 et
1779 4377 2041 4460 singulis
2070 4378 2327 4460 regibus
2350 4379 2442 4443 ita
2463 4378 2752 4459 scripsit:

287 4485 319 4515 ⁸
354 4476 674 4543 Voluntas
702 4476 822 4540 Dei
848 4476 968 4540 hec
989 4479 1108 4540 est.
1129 4475 1325 4540 Filius
1355 4475 1474 4540 Dei
1509 4475 1714 4540 voluit
1741 4475 1836 4541 ita
1863 4476 2119 4559 loqui...
2162 4526 2186 4553 „

351 4693 430 4760 (1)
451 4691 602 4747 Folia
624 4692 743 4745 115*
759 4695 817 4743 et
841 4690 936 4743 116
952 4689 1151 4743 codicis
1168 4691 1234 4743 95
1247 4690 1447 4758 scripta
1462 4695 1589 4744 sunt
1604 4690 1710 4744 alia
1727 4706 1898 4745 manu
1917 4691 2081 4759 paulo
2101 4691 2418 4745 recentiore.
2433 4719 2500 4730 —
2520 4691 2594 4757 (2)
2611 4691 2757 4758 Legi·

284 4782 383 4831 tur
406 4776 553 4829 enim
572 4775 630 4828 in
648 4773 831 4827 medio
851 4776 1106 4840 excerpto
1127 4790 1142 4826 t
1160 4773 1269 4827 Hic
1281 4773 1418 4827 liber
1433 4791 1556 4827 cum
1580 4791 1654 4837 co,
1666 4776 1825 4828 cuius
1839 4776 2151 4827 vinctionem
2167 4775 2394 4838 fecimus
2412 4777 2469 4827 in
2487 4776 2754 4828 Historiis

286 4860 563 4922 Damion,
596 4859 660 4910 in
694 4856 881 4909 multis
912 4856 1217 4909 concordat.
1258 4856 1423 4924 Atqui
1456 4855 1526 4910 ci.
1559 4855 1778 4910 Oliverii
1804 4856 1940 4910 Hist.
1969 4855 2201 4910 Damiat.
2234 4872 2280 4909 c.
2302 4856 2367 4910 33
2390 4856 2535 4920 (1.-G.
2556 4857 2759 4910 Semn-

284 4957 409 5006 nus,
433 4939 648 5008 Corpus
663 4939 794 4992 hist.
815 4939 949 4992 med.
974 4941 1110 5003 aeci,
1125 4941 1164 4993 t.
1182 4937 1250 5004 11,
1267 4938 1370 4993 col.
1396 4938 1561 5003 1428).
