3487 5450
711 548 850 622 156
1261 567 1351 619 nu
1401 566 1645 620 mono
1697 565 2140 618 mommio
2190 562 2606 619 Ansmuco.

706 753 909 824 satam
934 758 1274 824 ecclesiam
1300 756 1583 822 Sanctae
1611 756 1856 822 Mariae
1883 756 1969 821 ab
1998 754 2177 820 omni
2219 753 2391 819 clero
2431 771 2706 818 romano
2734 752 2969 818 eodem
2995 772 3170 819 anuo

703 858 1015 924 celebrari
1064 856 1414 934 debuisset,
1469 876 1642 940 quae
1691 859 1951 921 tantum
1966 855 2020 894 ²¹
2065 854 2254 918 annis
2304 852 2568 935 singulis
2624 852 2804 935 apud
2859 851 3172 918 Sanctam

705 956 976 1022 Mariam
1003 954 1383 1021 Maiorem²²
1432 954 1525 1019 fit.
1555 953 1699 1033 Quo
1729 953 1974 1029 audito,
2006 952 2230 1017 Iudaei
2257 951 2519 1034 indigne
2548 951 2835 1016 tulerunt
2864 955 2929 1016 et
2959 951 3171 1016 subri-

704 1055 920 1120 dendo
935 1056 990 1094 ²⁸
1013 1056 1363 1121 dixerunt:
1403 1053 1578 1118 Certe
1609 1053 1695 1118 011
1704 1055 1900 1118 ristus
1928 1060 2094 1133 tuus,
2124 1070 2305 1137 quem
2340 1057 2563 1134 patres
2602 1051 2807 1115 nostri
2844 1050 3167 1134 crucifixo-

703 1162 875 1236 runt,
915 1175 1043 1218 non
1059 1161 1259 1238 potest
1279 1152 1390 1217 tibi
1416 1153 1625 1218 oculos
1645 1152 1923 1233 reddere,
1952 1152 2104 1237 quia
2131 1171 2241 1215 nec
2280 1150 2619 1234 seipsum²⁴
2644 1151 2849 1234 potuit
2883 1149 2960 1215 de
2991 1152 3165 1235 peri-
3204 1165 3236 1214 8

704 1255 844 1319 culo
862 1254 1148 1318 mortis&
1175 1254 1461 1317 liberare.
1487 1254 1808 1333 Attamen,
1838 1253 1896 1317 si
1922 1252 1991 1314 in
2029 1252 2392 1336 praesentia
2432 1252 2637 1314 nostri
2674 1248 3062 1315 illuminabit
3087 1258 3162 1332 te,

703 1374 823 1438 pro
840 1362 1003 1418 certo
1023 1374 1232 1418 omnes
1272 1373 1387 1417 nos
1411 1352 1659 1416 credere
1683 1351 2043 1416 ltabcbe‘mus
2069 1352 2140 1414 in
2162 1350 2366 1432 illum,
2394 1358 2449 1414 et
2478 1359 2626 1414 tunc
2653 1350 2895 1434 liquido
2920 1356 3173 1414 consta-

706 1453 856 1517 bit²⁸
874 1453 1040 1539 quod
1060 1453 1113 1491 2⁷
1140 1455 1273 1536 ipse
1294 1453 1379 1517 sit
1400 1473 1581 1516 verus
1602 1452 1782 1535 filius
1803 1450 1947 1533 Dei,
1970 1457 2025 1516 et
2048 1471 2173 1514 non
2195 1452 2277 1515 sit
2299 1450 2471 1513 alius
2496 1450 2782 1513 salvator
2805 1449 3050 1515 mundi.
3072 1447 3173 1513 Eo

707 1559 916 1618 autem
935 1559 1127 1638 pacto
1151 1551 1265 1617 hoc
1305 1551 1642 1635 affirmare
1654 1547 1714 1590 ²⁸*
1726 1551 1960 1636 placet,
1988 1557 2076 1632 ut,
2105 1551 2165 1614 si
2193 1551 2332 1635 quis
2362 1550 2427 1612 in
2466 1548 2787 1614 Christum
2813 1569 2941 1614 non
2968 1547 3174 1613 credi-

707 1652 870 1716 derit
921 1651 1036 1715 hoc
1075 1652 1206 1715 viso
1252 1651 1566 1715 miraculo
1595 1651 1671 1732 ²⁹,
1728 1651 2004 1714 omnium
2065 1669 2280 1714 rerum
2324 1668 2593 1713 suarum
2638 1649 3164 1733 proscriptionem
3209 1659 3275 1709 ⁴⁰

702 1753 1000 1835 patiatur
1037 1757 1094 1814 et
1119 1751 1380 1815 iniuriis
1408 1750 1789 1830 maximis³⁰‚
1822 1757 2031 1833 utpote
2057 1749 2412 1812 maiestatis
2453 1768 2615 1830 reus,
2640 1747 2779 1811 de⁸¹
2804 1746 2956 1812 urbe
2982 1748 3175 1811 eicia-

711 1850 958 1916 turHis
981 1851 1186 1929 dietis,
1202 1850 1641 1915 discesserunt
1653 1848 1873 1915 Iudaei
1899 1848 2345 1932 unusquisque
2367 1847 2434 1912 in
2448 1867 2568 1912 sua
2588 1866 2910 1912 remeans.
2920 1845 3172 1913 Caecus

710 1970 864 2015 vero
904 1949 1193 2015 clanculo
1235 1969 1306 2014 se
1347 1949 1616 2032 perduci
1667 1949 1815 2013 fecit
1857 1948 1943 2013 ad
1982 1949 2297 2013 domnum
2339 1947 2767 2029 apostolicum
2802 1951 3102 2011 sanctum
3123 1947 3180 1986 ’ὅ

711 2050 1122 2128 Bonifatium,
1153 2053 1220 2113 et
1243 2048 1552 2113 indicavit
1581 2048 1639 2113 ei
1679 2053 1969 2131 pactum
1998 2051 2064 2112 et
2093 2046 2535 2112 condicionem
2557 2045 2945 2111 Iudaeorum
2971 2066 3172 2129 super

712 2150 912 2215 fidem
933 2148 1447 2212 christianorum.
1477 2147 1726 2226 Quibus
1769 2166 1948 2230 papa
1974 2146 2232 2221 auditIS,
2261 2146 2408 2228 plus
2453 2146 2642 2210 solito
2669 2145 2879 2211 laetus
2901 2146 3181 2210 efficitur
3217 2154 3282 2202 ⁸⁸

713 2253 913 2332 atque
940 2248 1062 2312 sub
1112 2248 1344 2312 eodem
1386 2251 1720 2332 momento
1763 2246 2067 2311 omnibus
2108 2246 2447 2310 mandavit
2495 2244 2771 2323 Iudaeis,
2801 2245 3180 2327 quatinus⁸⁹
3280 2290 3289 2301 .

714 2348 854 2412 sine
895 2346 1093 2412 dubio
1119 2346 1457 2428 praefatae
1506 2346 1923 2411 sollemnitati
1972 2344 2361 2429 generaliter
2413 2337 2844 2410 occurrerent.
2888 2344 3177 2410 Advenit

715 2450 939 2512 autem
955 2445 1066 2510 illa
1093 2440 1408 2510 festivitas
1438 2465 1678 2528 magua
1707 2450 2012 2529 totusque
2052 2445 2504 2509 Romanorum
2552 2444 2761 2509 clerus
2789 2445 2968 2526 apud
2984 2464 3182 2527 prae-

718 2548 921 2611 fatam
967 2545 1304 2610 ecclesiam
1333 2565 1414 2610 ex
1444 2564 1626 2610 more
1646 2546 1989 2628 pervigiles
2017 2545 2460 2609 celebraturus
2489 2544 2797 2609 excubias
2824 2563 3182 2627 congrega-

717 2652 823 2708 tus
847 2643 1026 2722 est25,
1076 2642 1396 2727 simulque
1446 2643 1835 2708 Iudaeorum
1878 2643 2251 2707 coturnus&
2296 2661 2430 2707 non
2470 2642 2763 2707 modicus
2805 2643 3177 2708 habebatur
3218 2655 3285 2705 w

718 2744 1125 2808 intermixtus
1138 2743 1213 2806 ³⁴.
1259 2742 1508 2807 Ductus
1551 2747 1652 2808 est
1679 2742 1810 2806 et²⁵
1858 2762 2088 2808 caecus
2116 2742 2220 2807 ille
2243 2742 2311 2807 in
2338 2742 2650 2820 medium,
2678 2742 2911 2825 plenus
2940 2742 3070 2808 fide
3110 2747 3183 2808 et

717 2843 947 2926 spiritu
966 2842 1344 2925 sapientiae,
1366 2841 1524 2906 nihil
1545 2842 1879 2907 haesitans
1909 2843 1992 2907 de
2032 2832 2401 2924 propositis.
2430 2840 2728 2925 Cumque
2755 2842 2841 2906 ab
2870 2831 3177 2907 omnibus

720 2946 1014 3011 fidelibus
1034 2945 1278 3010 ibidem
1286 2946 1340 2984 ⁸³
1349 2947 1647 3010 nocturni
1667 2949 2090 3011 cantarentur
2099 2945 2154 2982 ⁸⁶
2166 2944 2411 3026 hymni,
2427 2948 2490 3009 et
2517 2945 2651 3009 iam
2671 2949 2908 3009 octava
2926 2933 3188 3010 lectio⁸²

718 3045 996 3126 recitata,
1017 3044 1265 3120 fuisset,
1287 3064 1518 3109 caecus
1546 3065 1617 3110 se
1648 3049 1802 3111 ante
1830 3044 2037 3109 altare
2065 3043 2295 3108 matris
2326 3043 2586 3108 Domini
2614 3043 2882 3126 perduci
2909 3046 3186 3126 rogavit,

720 3145 936 3226 ibique
989 3143 1221 3209 baculo
1279 3147 1682 3208 sustentatus
1739 3162 1973 3208 canere
2026 3143 2239 3225 coepit
2296 3142 2628 3225 quoddam
2674 3145 3189 3225 responsorium,
3223 3157 3294 3208 ιβ

721 3242 957 3325 quod³⁸
984 3247 1137 3307 ante
1166 3242 1439 3307 biduum
1451 3243 1524 3321 ³⁹,
1555 3243 1708 3326 quia
1724 3244 1778 3281 ⁴⁰
1805 3242 2090 3308 musicae
2113 3242 2273 3306 artis
2299 3261 2540 3324 gnarus
2564 3241 2701 3320 fuit,
2717 3243 3082 3324 composuit
3095 3245 3184 3320 ⁴¹3

727 3344 791 3405 in
833 3361 962 3424 quo
1006 3346 1145 3407 tam
1193 3342 1499 3407 vivaciter
1540 3343 1928 3408 Iudaeorum
1953 3360 2241 3406 errorem
2270 3341 2645 3418 confutavit,
2695 3345 2767 3405 ut
2810 3342 2932 3406 sub
2977 3343 3181 3408 oculis

723 3439 1012 3505 omnium
1026 3441 1135 3523 qui
1157 3441 1451 3519 aderant,
1474 3441 1797 3524 completo
1812 3441 1869 3479 ⁴²
1896 3461 2088 3506 versu
2117 3440 2408 3505 eiusdem
2437 3440 2849 3522 responsorii,
2871 3459 3031 3506 vera
3049 3441 3183 3521 lux,

725 3559 894 3622 quae
915 3545 1014 3604 est
1035 3539 1329 3605 Christus
1345 3540 1417 3616 ⁴⁸,
1440 3540 1765 3622 genitricis
1786 3559 1945 3605 suae
1972 3540 2363 3618 interventu,
2394 3540 2573 3604 cuius
2602 3539 2986 3622 virginitatis
3008 3541 3181 3607 inte-

724 3640 991 3721 gritas⁴⁴
1026 3640 1255 3704 eodem
1297 3644 1493 3704 cautu
1509 3641 1567 3678 *ὃ
1607 3640 1949 3705 defensa⁴⁶
1989 3643 2151 3718 erat,
2201 3640 2424 3704 lumen
2476 3639 2535 3724 ei
2584 3639 2914 3704 oculorum
2967 3640 3187 3707 claris-
3229 3652 3298 3705 ³0

727 3739 962 3803 simum
987 3738 1291 3804 redderet
1301 3738 1376 3817 ⁴⁷,
1418 3739 1527 3822 qui
1571 3740 1709 3804 eius
1748 3743 2039 3804 mentem
2081 3739 2380 3823 primitus
2422 3738 2553 3803 fide
2596 3738 2914 3804 catholica
2954 3738 3191 3806 illumi-

726 4047 796 4057 —
816 4017 862 4052 ²¹
885 4020 1268 4073 tautummodo
1293 4020 1440 4085 A.L,·
1461 4025 1647 4074 tamen
1671 4021 1738 4074 R.
1762 4047 1829 4057 —
1852 4017 1902 4052 ¹²
1925 4019 2103 4073 maior
2125 4021 2188 4074 L.
2214 4048 2278 4057 —
2305 4016 2355 4051 ⁹⁸
2375 4017 2718 4072 subridentes
2745 4018 2809 4069 B.
2833 4045 2896 4055 —
2921 4016 2973 4052 ²⁴
3004 4017 3195 4087 ipsum

731 4101 820 4168 M,·
853 4101 1206 4168 semetipsum
1235 4103 1298 4155 Β.
1321 4130 1389 4141 -
1426 4103 1476 4137 ⁹⁸
1500 4120 1603 4156 om.
1633 4104 1701 4156 Β.
1737 4132 1801 4140 -
1823 4102 1873 4137 ²⁶
1894 4101 2172 4170 apparebit
2195 4103 2264 4155 R.
2293 4129 2367 4150 —.
2386 4101 2435 4135 ²⁷
2466 4095 2596 4169 'quia
2634 4100 2792 4165 L.R,·
2810 4115 2954 4168 quae
2981 4101 3197 4156 Ham

726 4201 901 4249 eom-‚5
916 4200 992 4252 qu
1016 4185 1217 4251 Mpost
1239 4203 1382 4239 corr.
1405 4211 1469 4224 —
1492 4185 1541 4219 2⁸
1562 4181 1891 4239 confirmare
1918 4186 1983 4238 R.
2011 4212 2069 4225 -
2092 4185 2142 4220 ¹⁰
2163 4184 2241 4251 (h.
2266 4200 2316 4237 v,
2340 4184 2436 4247 m.)
2460 4201 2559 4237 om.
2583 4184 2652 4236 R.
2674 4209 2741 4221 —
2759 4183 2810 4218 ’⁰
2830 4184 3197 4251 permaximis

729 4269 798 4320 R.
817 4267 945 4312 -.-⁸¹
969 4267 1040 4321 ab
1062 4268 1130 4321 B.
1156 4296 1217 4306 —
1243 4267 1292 4302 ⁸²
1315 4272 1378 4322 ut
1399 4268 1467 4323 Β.
1487 4299 1555 4310 --
1576 4268 1626 4302 ⁸⁸
1649 4273 1840 4322 coetus
1861 4269 1948 4332 R,·
1968 4285 2190 4322 erasum
2211 4271 2271 4321 in
2298 4267 2374 4321 M.
2394 4294 2463 4305 —
2486 4267 2535 4300 ⁸⁴
2557 4265 2838 4320 immixtus
2861 4268 2930 4320 R.
2953 4294 3020 4308 --
3040 4267 3091 4302 ⁸⁶
3114 4267 3196 4322 ibi

729 4351 796 4404 R.
823 4377 890 4388 --
904 4349 954 4384 ⁸⁸
975 4354 1301 4404 canerentur
1316 4351 1384 4403 R.
1413 4379 1470 4388 -
1493 4351 1541 4384 ⁸⁷
1565 4366 1705 4418 pene
1730 4353 1858 4404 add.
1881 4350 1950 4403 R.
1975 4378 2038 4389 —
2060 4350 2109 4385 ⁸⁸
2130 4350 2362 4418 ipsemet
2382 4351 2509 4402 add.
2527 4350 2596 4402 R.
2612 4379 2677 4390 -
2694 4349 2744 4384 ⁸⁹
2765 4350 3012 4405 triduum
3034 4353 3101 4404 Δ.
3122 4378 3202 4390 -
3294 4407 3301 4412 ,

727 4431 780 4465 ⁴⁰
799 4431 915 4498 ipse
935 4434 1063 4498 odd.
1087 4434 1155 4486 R.
1177 4460 1246 4471 —
1265 4434 1313 4468 ⁴¹
1337 4433 1597 4503 Sequitur
1623 4437 1678 4486 in
1702 4434 1757 4486 R
1777 4453 1797 4486 .-
1819 4432 2264 4500 Respousoriurn.
2293 4434 2315 4458 ‘
2346 4431 2548 4489 Gaude.
2571 4431 2741 4486 Maria
2764 4433 2943 4501 virgo;
2966 4438 3199 4490 cunctas

733 4553 758 4578 ,
785 4515 1038 4568 haereses
1070 4515 1190 4569 sola
1223 4515 1559 4578 interemisti,
1581 4531 1723 4584 quae
1756 4515 2072 4582 archangeli
2105 4514 2262 4569 dictis
2290 4515 2576 4580 credidisti,
2600 4515 2733 4569 dum
2758 4515 2909 4583 virgo
2933 4516 3113 4572 Deum
3136 4525 3202 4575 et

732 4643 757 4667 „
784 4598 1065 4652 hominem
1088 4598 1333 4665 genuisti,
1367 4603 1421 4652 et
1451 4602 1579 4666 post
1599 4602 1815 4666 partum
1851 4598 2115 4652 inviolata
2136 4597 2479 4667 permansisti
2508 4639 2551 4664 ,.
2574 4597 2793 4652 Versus.
2820 4599 2843 4623 ⁸
2876 4599 3200 4658 Gabrielem

732 4724 757 4749 ,
779 4680 1169 4749 archangelum
1193 4680 1461 4735 credimus
1483 4681 1741 4736 divinitus
1765 4686 1820 4735 te
1844 4697 1964 4735 esse
1983 4681 2230 4744 affatum
2254 4686 2475 4734 uterum
2496 4685 2651 4734 tuum
2676 4681 2747 4735 de
2767 4680 2973 4750 Spiritu
2997 4691 3202 4742 sancto

732 4806 757 4830 „
781 4763 1054 4820 credimus
1075 4763 1494 4832 impregnatum.
1518 4764 1819 4819 Erubescat
1840 4764 2073 4819 Iudaeus
2094 4763 2302 4827 infelix,
2324 4763 2418 4832 qui
2439 4763 2572 4817 dicit
2593 4763 2873 4819 Christum
2896 4765 2966 4820 de
2991 4766 3207 4837 Ioseph

732 4888 757 4912 „
781 4845 994 4902 senune
1013 4862 1137 4901 esse
1151 4849 1344 4901 natum
1367 4887 1409 4911 ,.
1422 4874 1491 4885 —
1506 4846 1555 4880 ⁸²
1572 4847 1849 4913 completa
1869 4851 1935 4900 Δ.
1947 4875 2015 4886 -
2027 4847 2080 4882 ⁴⁸
2091 4846 2306 4901 Christe
2323 4847 2523 4899 B.—⁴⁴
2540 4847 2595 4900 in
2611 4849 2739 4901 add.
2764 4849 2914 4900 ,lah—
2928 4849 3209 4908 “idonee

727 4933 853 4987 cdd.
878 4930 945 4985 R.
963 4957 1034 4970 —
1051 4930 1103 4964 ⁴⁸
1125 4929 1410 4984 defensata
1431 4929 1509 4984 M.
1531 4957 1600 4968 —
1619 4929 1669 4964 ⁴⁷
1690 4930 1985 4985 reddiderit
2005 4931 2073 4984 Β.
