3487 5450
1100 601 1195 653 nx
1244 602 1404 653 con.
1457 601 1812 653 vulcano
1862 600 2017 652 38⁸3.
2653 580 2797 653 333

322 788 447 853 hoc
509 788 722 871 primo
784 788 1105 855 fabricata
1152 788 1273 855 fuit
1324 790 1568 856 ibidem
1609 791 1702 875 (1)
1760 790 2056 875 cappella
2118 790 2187 855 in
2239 791 2559 856 honorem
2620 790 2800 855 beati

405 998 498 1053 31
511 1041 526 1054 .
550 990 742 1054 Anno
763 988 1024 1054 Domini
1044 988 1565 1055 M⁰CCC⁰XVIIII⁰
1578 990 1669 1073 (3)
1686 990 1754 1055 in
1765 993 1945 1055 terra
1956 989 2267 1072 Trapani‚
2286 989 2554 1072 quidam
2568 990 2802 1056 ludens

322 1088 499 1154 bona
525 1108 665 1166 sua,
696 1089 975 1173 dyabolo
1004 1089 1462 1172 cohoperante,
1492 1090 1712 1154 omnia
1739 1089 2024 1172 perdidit
2058 1094 2124 1154 et
2151 1089 2219 1154 in
2247 1088 2378 1154 fide
2407 1089 2802 1172 desperavit.

256 1202 289 1252 ⁸
320 1187 516 1253 Venit
536 1209 688 1271 ergo
712 1189 799 1254 ad
817 1189 1166 1270 Virginem,
1194 1189 1306 1254 ubi
1327 1190 1558 1255 aderat
1580 1192 1646 1254 et
1665 1208 1900 1272 ymago
1925 1182 2102 1254 beati
2122 1189 2395 1254 Alberti.
2414 1188 2629 1267 Quam
2651 1208 2803 1254 cum

321 1287 592 1353 intuitus
622 1293 815 1366 esset,
844 1288 1048 1353 dixit:
1085 1287 1332 1352 Totiens
1361 1296 1416 1353 le
1438 1290 1719 1352 invocavi
1747 1296 1802 1353 et
1823 1308 1949 1352 uon
1972 1288 2292 1353 exaudisti
2317 1309 2410 1352 me
2422 1310 2450 1368 ‚·
2469 1296 2527 1353 te
2545 1309 2803 1373 quoque,

322 1388 433 1472 qui
464 1395 721 1452 sanctus
767 1386 887 1452 Dei
924 1387 1307 1472 predicari-3,
1334 1395 1391 1452 et
1426 1409 1548 1452 uon
1590 1389 1858 1473 potuisti
1913 1409 2004 1451 me
2047 1388 2372 1452 adiuuare.
2405 1387 2555 1452 Ideo
2598 1409 2707 1451 nec
2748 1394 2805 1451 te

321 1494 612 1551 sanctum
635 1488 914 1571 amplius
934 1487 1133 1552 credo.
1157 1487 1240 1551 Et
1262 1494 1516 1573 !u,quae
1542 1495 1742 1552 mater
1761 1490 1968 1571 qratie
1989 1488 2239 1568 diceris,
2256 1488 2542 1552 clausisti
2556 1487 2646 1570 (4)
2664 1490 2803 1573 pie-

322 1589 475 1651 tatis
504 1608 692 1652 aures
713 1587 1000 1670 precibus
1032 1590 1199 1652 meis.
1231 1587 1309 1652 Et
1339 1593 1607 1671 accepto
1628 1588 1862 1671 gladio,
1887 1588 2077 1653 scidit
2106 1587 2339 1652 ambas
2371 1588 2707 1670 ymagines
2739 1590 2805 1651 et

222 1697 286 1748 ιο
322 1687 540 1752 subito
572 1706 652 1751 ex
683 1692 960 1771 utraque
989 1691 1179 1770 gucte
1202 1687 1533 1770 sanguinis
1554 1687 1796 1752 cadunt
1820 1688 1888 1752 in
1915 1691 2184 1752 terram.
2207 1686 2340 1752 Sed
2363 1687 2576 1752 adhuc
2597 1705 2806 1769 puero

267 1839 277 1850 .
323 1784 569 1851 ibidem
597 1786 1022 1863 acclamante,
1044 1786 1147 1851 ille
1168 1787 1441 1870 prosiliit
1464 1787 1657 1853 foras.
1673 1786 1753 1851 Et
1778 1806 1925 1853 ecce
1949 1787 2356 1852 thonitruum
2379 1806 2526 1851 cum
2559 1786 2806 1868 fulgore

324 1884 518 1950 simul
539 1881 939 1951 descendens
961 1886 1141 1951 illum
1162 1886 1514 1963 combuxit,
1529 1905 1651 1951 nec
1672 1886 1953 1968 amplius
1971 1886 2185 1950 visum
2208 1889 2305 1950 est
2330 1884 2694 1969 quidquam
2714 1886 2807 1968 (5)

325 1983 409 2049 de
438 2003 516 2048 eo
548 1985 922 2050 immediate
951 1987 1061 2068 (6),
1090 1985 1214 2050 nisi
1256 1986 1505 2050 cineres
1547 1986 1724 2068 apud
1772 1986 1942 2050 fores
1981 1985 2267 2050 ecclesie.
2311 1985 2588 2066 Propter
2631 1984 2809 2067 quod

323 2082 430 2148 ille
470 2084 806 2166 ymagines
833 2084 1160 2150 habentur
1187 2083 1256 2150 in
1278 2087 1312 2124 ’¹‘
1342 2085 1705 2150 maximum
1730 2085 2051 2150 honorem
2079 2104 2288 2168 usque
2317 2084 2386 2149 in
2414 2084 2809 2150 hodiernum

225 2192 294 2241 η
329 2182 504 2248 diem
526 2182 645 2267 (7).
2799 2255 2803 2259 .

411 2288 531 2349 32.
568 2283 817 2348 Eodem
847 2283 939 2366 (8)
976 2302 1149 2348 anno
1200 2302 1348 2348 eum
1401 2284 1687 2366 quedam
1734 2284 1922 2349 navis
1965 2303 2007 2348 a
2052 2282 2399 2349 Saracenis
2443 2286 2807 2365 raperetur,

326 2381 625 2447 homines
656 2382 988 2448 christiani
1031 2383 1169 2447 dire
1207 2383 1619 2466 captivantur
1656 2384 1835 2466 apud
1863 2383 2216 2448 Tunitium.
2247 2383 2327 2448 Et
2357 2401 2505 2447 cum
2535 2382 2811 2453 fuissent

327 2482 397 2547 in
437 2481 579 2547 diro
629 2500 889 2547 carcere
933 2488 999 2547 et
1040 2482 1465 2565 compedibus
1497 2484 1745 2548 astricti
1772 2483 1965 2565 longo
1996 2486 2310 2565 tempore,
2341 2482 2812 2547 invocaverunt

327 2581 600 2647 beatum
628 2582 973 2647 Albertum
1003 2581 1254 2664 singuli,
1284 2580 1573 2647 dicentes
1596 2606 1613 2648 ε
1638 2583 1692 2646 Ο
1718 2583 1888 2646 beate
1916 2581 2183 2662 Alberte,
2211 2583 2372 2646 sicut
2400 2589 2592 2646 noste
2611 2581 2815 2645 credi-

143 2679 147 2683 ’
225 2694 297 2747 ²⁰
332 2701 478 2744 onus
515 2679 800 2765 Viryiuis
844 2680 1056 2759 Marie
1096 2701 1365 2760 servum,
1394 2683 1484 2745 sic
1525 2682 1701 2766 apud
1742 2701 1857 2746 uos
1899 2688 1953 2746 te
1996 2680 2372 2745 advocatum
2407 2682 2543 2746 eius
2569 2681 2813 2746 meritis

325 2782 692 2845 sentiamus.
741 2780 914 2858 Veni,
944 2780 1137 2844 libera
1171 2802 1302 2845 nos.
1336 2780 1524 2847 Hanc
1558 2783 1923 2846 orationem
1965 2781 2165 2846 XV⁵³⁶¹
2192 2780 2423 2846 diebus
2466 2799 2815 2846 consacra-

324 2885 480 2945 runt
508 2880 600 2962 (9)
629 2881 865 2947 ieiunio
897 2884 963 2945 et
991 2882 1256 2963 spiritus
1299 2881 1663 2946 afflictione.
1692 2880 1867 2945 Dum
1904 2900 2061 2946 vero
2106 2880 2386 2963 amplius
2416 2881 2548 2964 (10)
2591 2880 2813 2945 ieiunii

325 2979 820 3045 observantiam
848 2980 1173 3045 custodire
1195 3000 1326 3045 non
1349 2981 1739 3058 sufficerent,
1754 2980 2182 3045 decreverunt
2204 2979 2361 3044 illud
2384 2979 2655 3044 ulterius
2675 2999 2810 3045 non

325 3078 700 3144 observare.
737 3079 1144 3145 Adveniente
1185 3080 1408 3163 itaque
1450 3099 1706 3157 aurora,
1737 3079 1973 3144 beatus
2016 3079 2325 3143 Albertus
2369 3078 2462 3143 eis
2499 3078 2809 3161 apparuit

220 3190 294 3241 ευ
326 3177 514 3260 quasi
543 3177 756 3242 facula
785 3179 919 3262 (11)
947 3179 1188 3243 ardens
1234 3198 1564 3244 carcerem
1589 3178 2067 3261 perlustrandO,
2098 3182 2164 3243 et
2194 3177 2288 3243 ait
2314 3177 2435 3242 illis
2466 3200 2483 3242 ε
2521 3177 2692 3257 Quid
2716 3198 2812 3241 me

323 3277 643 3341 vocastis?
667 3276 974 3362 quidnam
1010 3277 1176 3341 vobis
1203 3278 1409 3360 deficit
1434 3277 1468 3341 ‚2
1489 3278 1582 3342 Illi
1611 3283 1835 3344 autem
1863 3277 2142 3359 figuram
2169 3296 2305 3342 non
2342 3277 2809 3356 discernentes,

325 3376 445 3442 sed
485 3376 834 3442 dumtaxat
862 3396 1089 3441 vocem
1117 3377 1477 3455 audientes,
1505 3376 1994 3442 clamaverunt:
2036 3376 2122 3440 Te
2151 3378 2533 3455 invocamus,
2568 3383 2623 3439 te
2652 3375 2813 3439 ado-

324 3494 570 3539 ramus.
616 3474 770 3539 Veni
798 3483 852 3540 et
886 3475 1082 3539 libera
1119 3496 1252 3556 nos,
1276 3483 1332 3539 et
1361 3476 1591 3540 educas
1620 3496 1732 3540 nos
1761 3477 1835 3539 de
1867 3478 1981 3540 isto
2010 3495 2256 3539 carcere
2286 3471 2710 3556 intollerabili,
2734 3494 2811 3539 ne

325 3573 643 3658 desperati
666 3576 996 3640 morientes
1023 3575 1113 3639 ad
1140 3582 1379 3639 aeterna
1405 3577 1718 3659 supplicia
1742 3597 1884 3638 cum
1906 3575 2172 3659 dyabolo
2192 3574 2534 3657 dampnati
2559 3574 2811 3639 descen-

220 3690 291 3744 3ο
323 3672 577 3738 damus.
613 3673 799 3739 Tunc
839 3674 1177 3758 respondit
1220 3674 1342 3739 illis
1386 3674 1619 3740 beatus
1662 3675 2015 3739 Albertus:
2066 3674 2118 3738 Ο
2161 3674 2428 3756 fraqiles
2474 3680 2532 3737 et
2574 3675 2642 3737 in
2679 3673 2808 3756 fide

323 3771 570 3853 debiles,
598 3772 763 3836 hanc
791 3774 858 3836 in
883 3772 1159 3837 Domino
1179 3773 1412 3838 habetis
1430 3774 1733 3856 fiduciam
1763 3773 1796 3835 ,9
1819 3773 2054 3838 Probat
2083 3775 2246 3838 enim
2269 3773 2587 3838 Dominus
2610 3793 2806 3857 opera

321 3869 673 3936 hominum.
709 3871 869 3936 Ecce
900 3874 1061 3936 enim
1087 3874 1257 3936 misit
1288 3893 1382 3936 me
1411 3873 1500 3936 ad
1539 3893 1672 3952 cos;
1700 3874 2057 3957 sequamini
2089 3894 2198 3937 me.
2229 3873 2332 3937 Ad
2353 3873 2525 3937 hanc
2552 3891 2803 3951 vocem,

324 3970 531 4037 fracto
551 3989 835 4047 carcere,
861 3971 1161 4036 resolutis
1189 3972 1635 4055 compedibus,
1658 3971 1865 4038 secuti
1891 3976 2044 4037 sunt
2073 3972 2436 4036 claritatem
2471 3990 2681 4053 usque
2713 3971 2803 4036 ad

321 4071 763 4136 marictimam
783 4075 1063 4154 portam,
1088 4091 1258 4154 quae
1285 4072 1507 4136 clausa
1529 4072 1752 4154 utique
1782 4091 1914 4136 non
1937 4075 2099 4136 erat.
2135 4070 2213 4135 Et
2234 4070 2514 4152 amplius
2541 4070 2806 4136 clarita-

218 4183 292 4238 38
320 4173 460 4236 tem
480 4189 617 4235 non
637 4169 957 4235 viderunt,
974 4170 1100 4252 Ipsi
1122 4189 1296 4248 vero,
1309 4170 1597 4254 quadam
1619 4171 1919 4236 navicula
1939 4168 2558 4252 accepta,universis
2580 4169 2802 4235 fulcita

322 4268 728 4346 necessariiS,
750 4268 1081 4351 flanteque
1101 4289 1417 4353 prospero
1440 4274 1655 4345 vent0,
1683 4270 2031 4335 salubriter
2052 4270 2118 4333 in
2140 4269 2523 4334 brevissimo
2546 4273 2806 4352 tempo-

321 4367 411 4434 ris
459 4369 699 4451 spati0,
739 4388 892 4451 ymo
934 4368 1308 4447 incredibili,
1336 4370 1717 4453 Trapanum
1761 4369 2197 4444 devenerunt3
2244 4372 2674 4434 eonvenctum
2733 4372 2798 4433 et

388 4559 462 4622 (1)
487 4556 612 4612 Om.
655 4562 701 4611 1.
738 4587 791 4597 -
825 4558 900 4624 (Ξ)
937 4559 1002 4611 ln
1030 4576 1139 4627 qua
1169 4561 1416 4624 plurima
1448 4562 1587 4626 fiunt
1621 4562 1892 4612 miracula
1915 4559 2038 4612 add.
2071 4564 2120 4613 4.
2153 4587 2220 4597 —
2248 4558 2320 4625 (3)
2346 4558 2468 4613 Om.
2493 4563 2542 4622 2,
2576 4564 2611 4611 3
2644 4562 2700 4611 et
2731 4564 2802 4622 5,-

327 4639 697 4694 MCCCLXX
717 4645 762 4694 4.
787 4668 854 4678 —
879 4640 951 4708 (4)
974 4643 1151 4694 clausi
1167 4641 1322 4707 Vat.,·
1353 4645 1601 4696 clausisti
1640 4648 1665 4695 1
1702 4645 1772 4709 (p.
1797 4643 1910 4702 519,
1953 4658 2006 4695 n.
2043 4642 2108 4704 3).
2133 4669 2200 4680 —
2237 4644 2309 4707 (5)
2349 4643 2621 4709 Quicquid
2658 4647 2700 4694 1.
2735 4667 2802 4680 --

324 4721 395 4788 (6)
430 4721 555 4777 Om.
595 4729 641 4776 1.
680 4749 747 4762 --
787 4724 857 4786 (7)
899 4723 1130 4792 Reliqua
1163 4724 1427 4778 miracula
1460 4724 1740 4778 brevitatis
1776 4725 1959 4780 studio
1997 4740 2107 4778 om.
2139 4730 2186 4778 5.
2224 4754 2282 4761 —
2327 4726 2399 4786 (8)
2438 4724 2693 4777 Refertur
2729 4722 2799 4776 ad

323 4820 532 4859 annum
565 4804 918 4860 ucchxtv
940 4807 1086 4874 apud
1107 4813 1141 4859 3
1164 4807 1275 4873 (nn.
1300 4808 1366 4861 3⁹2
1390 4813 1445 4862 et
1466 4809 1552 4866 33,
1577 4809 1641 4861 cf.
1676 4825 1730 4862 n.
1753 4809 1868 4872 31);
1896 4809 1964 4861 ad
1990 4824 2193 4860 annum
2235 4806 2562 4860 MCCCLXX
2598 4805 2742 4873 apud
2767 4810 2801 4859 4

326 4889 436 4952 (nn.
459 4888 609 4950 mla,
633 4887 701 4941 cf.
725 4903 779 4941 n.
800 4888 975 4950 2212„
1007 4894 1041 4941 2
1074 4905 1186 4942 om.
1211 4905 1277 4942 ea
1300 4907 1441 4957 quae
1475 4896 1776 4958 sequuntur
1801 4907 1971 4958 usque
2009 4890 2074 4943 ad
2114 4889 2298 4943 finem.
2322 4918 2388 4928 —
2412 4891 2482 4956 (9)
2511 4892 2800 4943 Consecra-

324 4980 456 5024 runt
482 4976 528 5025 1.
550 4998 620 5010 -
642 4972 747 5037 (10)
774 4970 897 5026 Om.
923 4977 968 5026 1.
995 5001 1054 5010 -·
1077 4974 1183 5039 (11)
1208 4974 1440 5026 Falcula
1465 4972 1583 5026 Vat-

2948 2094 3169 2152 *affin
