3487 5450
665 556 811 631 298
1020 578 1023 579 *
1474 578 1601 631 Lns
1652 578 1808 631 vrrs
1858 560 2334 630 anRPoLnns

662 769 1009 834 incidentes
1028 773 1134 847 (1),
1162 770 1476 835 d'ablatifs
1499 790 1581 835 ou
1606 771 1684 834 de
1714 768 2075 834 nominatil's
2108 768 2486 848 absolusffl),
2516 768 2788 853 l'emploi
2812 768 3136 853 d'expres-

660 869 832 934 sions
863 868 1140 933 bizarres
1186 880 1247 933 et
1291 870 1645 954 impropres
1677 872 1780 948 (5),
1815 889 1937 933 une
1970 869 2396 952 orthographe
2440 868 2630 952 qu'on
2661 877 2950 932 retrouve
2981 870 3139 934 dans

659 968 749 1032 les
795 969 1163 1050 (1033133313
1208 970 1286 1032 (13
1333 969 1626 1053 l'epoque
1672 969 2180 1051 merovingiennc
2211 969 2311 1046 (4),
2360 968 2438 1031 de
2485 968 2893 1032 nombreuses
2933 966 3139 1032 fantes

660 1076 880 1131 contre
913 1068 967 1130 la
1000 1076 1256 1152 syntaxe
1288 1070 1390 1146 (ὅ),
1425 1078 1560 1132 tout
1592 1089 1627 1151 y
1658 1068 1902 1151 repond
1935 1071 1967 1129 Ξι
2000 1086 2070 1130 33
2103 1066 2497 1149 temoignage
2528 1066 2626 1144 (6).

725 1236 799 1301 (1)
834 1234 931 1289 Ex.
968 1235 1025 1290 C.
1069 1237 1114 1289 1.
1161 1236 1339 1288 Multa
1372 1253 1406 1288 a
1446 1237 1751 1302 memetipso
1783 1238 1951 1288 cisa...
1990 1235 2258 1301 diynetur.
2298 1261 2364 1272 -
2409 1233 2466 1288 C.
2505 1233 2554 1287 2
2588 1234 2855 1301 Pleraque
2888 1236 3138 1301 despectu

659 1321 905 1372 mundi...
927 1346 985 1356 -—
1014 1318 1073 1372 C.
1095 1319 1146 1373 3.
1173 1320 1281 1385 Qui
1303 1336 1423 1371 cum
1442 1320 1672 1372 summis
1686 1318 2063 1387 parentibus...
2082 1345 2147 1355 —
2166 1316 2222 1371 C.
2245 1317 2293 1370 8.
2316 1317 2359 1370 Ο
2377 1333 2540 1385 quam
2563 1334 2869 1384 maynum...
2886 1325 2934 1371 et
2951 1318 3139 1371 Domi·

660 1419 816 1455 nus...
830 1404 1131 1469 porrexit...
1151 1429 1212 1439 -
1241 1401 1299 1456 C.
1325 1402 1404 1456 16.
1427 1402 1637 1454 Mirum
1661 1409 1739 1454 eet
1763 1402 1963 1453 valde...
1986 1427 2053 1438 —
2076 1399 2147 1466 (2)
2173 1399 2230 1453 C.
2260 1401 2302 1453 1.
2324 1400 2400 1452 Et
2421 1401 2473 1452 ei
2493 1401 2807 1463 eleyanter...
2832 1403 3139 1454 ›nicer-icor-

662 1486 758 1538 dia
772 1492 1087 1551 praestante
1121 1492 1231 1537 nt...
1253 1511 1318 1521 —
1341 1483 1397 1537 C.
1423 1484 1472 1537 2.
1498 1484 1646 1536 Haec
1668 1492 1846 1536 autem
1871 1499 1970 1536 noe
1992 1484 2437 1536 considerantes...
2461 1508 2528 1519 —
2547 1485 2709 1535 avari
2739 1489 2799 1535 ut
2830 1484 3143 1550 relinquen·

660 1574 788 1620 tes...
815 1592 880 1605 -
911 1565 968 1620 C.
1002 1566 1051 1620 3.
1080 1567 1189 1632 Qui
1220 1584 1339 1619 eum
1375 1569 1602 1619 summis
1629 1566 2005 1634 parentibus...
2039 1567 2351 1618 comitans...
2382 1591 2449 1602 —
2484 1563 2539 1617 C.
2575 1565 2624 1617 5.
2731 1568 2993 1619 veniens...
3015 1573 3143 1619 orta

662 1656 740 1703 est
764 1651 1041 1702 eontentio.
1064 1679 1129 1689 —
1157 1656 1205 1701 et
1235 1649 1468 1702 Domino
1491 1651 1798 1710 miserante,
1824 1650 1969 1715 qui...
1993 1676 2058 1686 -
2084 1646 2140 1701 C.
2164 1648 2212 1700 7.
2240 1649 2349 1713 Qui
2377 1651 2487 1716 ipse
2508 1649 2596 1700 tir
2620 1649 2724 1700 Dei
2744 1649 3063 1712 confidem...
3089 1650 3142 1701 ei

658 1748 968 1798 praesens...
1000 1732 1237 1785 nolens...
1275 1758 1336 1769 -
1383 1736 1430 1784 et
1467 1732 1531 1783 de
1554 1748 1687 1798 equo
1712 1748 1866 1797 quem
1896 1732 2108 1783 sedebat
2129 1731 2462 1783 descendens.
2501 1756 2562 1767 —
2603 1730 2732 1798 Ipse
2773 1740 2948 1783 autem
2993 1731 3142 1784 nihil

658 1831 913 1867 curans...
952 1840 1016 1852 —
1056 1812 1115 1867 C.
1167 1814 1242 1867 10.
1291 1814 1490 1881 Nempe
1533 1816 1695 1881 ipse...
1735 1815 2076 1867 ascendens...
2112 1831 2352 1866 eatenis...
2390 1820 2649 1865 uetans...
2684 1815 2929 1866 timens...
2966 1822 3143 1867 custo·

660 1899 862 1950 diens...
882 1899 1104 1949 sciens...
1128 1923 1195 1934 —
1214 1895 1269 1949 C.
1294 1895 1372 1950 12.
1404 1896 1633 1949 Veniens
1656 1896 1945 1949 Rodomo...
1966 1898 2064 1963 qui
2081 1913 2200 1948 cum
2227 1896 2442 1948 vidisset
2459 1912 2629 1948 eum...
2649 1923 2708 1933 —
2734 1911 2780 1948 c.
2806 1896 2885 1953 15.
2907 1936 2954 1949 ...
2972 1898 3139 1949 eleta-

659 1979 799 2031 bat...
821 1980 1113 2032 detentae...
1137 1979 1433 2042 subiacens,
1464 1988 1525 2031 ut
1557 1979 1632 2031 ad
1665 1981 1897 2032 instar...
1919 2006 1987 2015 —
2022 1978 2096 2042 (3)
2132 1976 2191 2031 C.
2218 1978 2261 2031 1.
2287 1978 2641 2031 materiolam.
2665 2007 2726 2016 —-
2754 1976 2809 2031 C.
2833 1978 2883 2032 6.
2904 1981 3141 2031 multum

658 2063 872 2115 index...
904 2062 1099 2127 faciem
1124 2062 1452 2115 liliabilem...
1471 2089 1539 2099 -—
1562 2060 1621 2114 C.
1652 2062 1699 2122 7,
1721 2061 1771 2115 8.
1802 2063 1910 2127 Qui
1933 2064 2046 2129 ipse
2079 2063 2165 2113 vir
2188 2061 2308 2113 Dei.
2329 2088 2392 2097 -
2429 2059 2486 2114 C.
2509 2061 2558 2113 8.
2589 2060 2732 2113 illud
2755 2062 3139 2115 dominicum...

649 2145 965 2212 psalmodia
990 2146 1125 2205 (acc.
1148 2141 1220 2210 pl.
1238 2143 1531 2211 psaurnes).
1548 2170 1615 2181 —
1634 2142 1691 2197 C.
1706 2144 1755 2196 9.
1774 2145 1893 2208 Qua
1917 2146 2172 2196 viaticum
2192 2144 2493 2196 ducerent...
2511 2150 2559 2195 et
2580 2143 2782 2195 multae
2803 2145 3141 2197 conditiones

657 2229 735 2289 (31
751 2241 797 2279 c.
822 2226 897 2290 10,
919 2226 1018 2291 17).
1037 2252 1103 2263 -
1121 2225 1180 2279 C.
1209 2226 1284 2278 10.
1302 2242 1401 2292 per
1422 2228 1770 2292 inspectivum
1793 2226 2058 2278 oculum...
2075 2252 2139 2262 —
2164 2224 2222 2279 C.
2251 2225 2326 2278 14.
2350 2227 2469 2278 eine
2485 2228 2735 2293 portiom
2756 2226 2951 2278 mundi
2970 2228 3142 2284 istius

658 2311 895 2362 adesse...
915 2311 1351 2361 amaricationes.
1369 2335 1434 2345 —
1456 2308 1530 2372 (4)
1567 2307 1624 2361 C.
1647 2309 1680 2361 ⁹2
1702 2306 1950 2360 infinitifs
1976 2328 1988 2360 :
2016 2316 2369 2361 consectare...
2391 2334 2458 2345 —
2481 2306 2539 2361 C.
2561 2307 2610 2360 4.
2647 2309 2882 2361 lucrare.
2902 2334 2970 2348 -·
2993 2307 3056 2361 C.
3087 2309 3140 2360 6.

657 2407 987 2446 notaret-sare.
1006 2418 1073 2429 —
1106 2389 1162 2444 C.
1188 2391 1235 2444 7.
1259 2392 1664 2457 contemplare...
1682 2417 1750 2428 —
1769 2389 1824 2444 C.
1840 2390 1888 2444 3.
1911 2393 2293 2443 inluminante.
2311 2420 2372 2429 —
2398 2389 2550 2443 (214.
2574 2392 2984 2443 inluminati.—-
3009 2390 3070 2445 C.
3085 2391 3140 2445 8.

655 2475 1003 2528 conlidebat...
1019 2474 1428 2527 inlecebrosae...
1450 2475 1822 2526 inclusionem.
1844 2487 1920 2511 -—·
1936 2471 1993 2525 C.
2021 2474 2098 2527 15.
2124 2472 2418 2540 inrigabat.
2436 2500 2497 2511 —
2526 2472 2584 2527 C.
2599 2472 2648 2535 8,
2674 2474 2753 2537 11,
2781 2473 2858 2527 17.
2881 2473 3140 2542 qualiter,

565 2583 568 2587 v
655 2570 797 2623 pour
814 2561 1175 2623 9301311131.-
1188 2555 1259 2618 (5)
1275 2553 1331 2607 C.
1345 2552 1394 2606 2.
1407 2556 1469 2606 de
1484 2554 1515 2605 h
1525 2571 1556 2605 u
1565 2557 1700 2607 ius...
1710 2556 1947 2622 patrie...
1964 2581 2020 2618 ,—
2040 2552 2160 2606 c.4.
2174 2554 2247 2605 Et
2265 2555 2396 2620 quia
2406 2553 2680 2621 pavebat...
2700 2555 3138 2621 qnod-‚darm—

654 2639 783 2691 talis
799 2638 911 2702 fuit
928 2654 1030 2689 sua
1050 2639 1434 2690 conversatio...
1455 2638 1646 2703 quod...
1662 2663 1729 2674 —
1750 2635 1807 2689 C.
1825 2637 1875 2689 5.
1897 2637 2109 2689 veniens
2125 2637 2358 2702 quodam
2378 2635 2506 2699 loco,
2525 2636 2718 2703 quod...
2733 2664 2792 2673 -
2815 2636 2872 2689 C.
2890 2637 2938 2689 7.
2947 2654 3059 2705 pro
3076 2655 3141 2691 eo

653 2722 798 2790 quod
820 2724 936 2774 sine
958 2738 1062 2775 sua
1084 2722 1324 2774 iussione
1347 2736 1401 2773 ee
1423 2727 1801 2774 temerasset...
1820 2737 1943 2771 cum
1969 2720 2193 2772 venisset
2205 2735 2380 2786 prope
2404 2719 2468 2771 de
2507 2721 2877 2773 consistorio...
2891 2747 2958 2758 —
2973 2720 3032 2775 C.
3055 2721 3144 2774 11.

653 2807 713 2858 in
731 2814 841 2858 tam
877 2822 1127 2870 mayna...
1150 2806 1228 2855 ita
1254 2810 1325 2855 ut.
1352 2830 1419 2840 —
1438 2819 1545 2856 non
1579 2803 1929 2856 extollendo...
1965 2802 2060 2854 sed
2081 2801 2382 2854 humilians
2401 2819 2456 2854 se
2493 2829 2558 2839 —
2583 2801 2641 2855 C.
2668 2802 2746 2855 12.
2781 2819 2984 2870 quem...
3008 2821 3143 2856 eum

655 2889 981 2941 1711311312.-
999 2886 1070 2950 (6)
1088 2885 1346 2938 Mabillon
1364 2901 1397 2938 a
1411 2887 1577 2951 pense
1599 2899 1706 2952 que
1725 2883 1962 2937 l’auteur
1977 2884 2044 2936 de
2062 2882 2118 2936 13
2131 2884 2253 2936 Vita
2275 2890 2331 2936 1a
2351 2883 2486 2937 etait
2501 2899 2577 2938 un
2595 2884 2856 2952 religieux
2873 2884 2940 2938 de
2959 2885 3146 2939 Saint-

656 2969 861 3024 Claude
890 2984 959 3022 en
982 2967 1447 3021 Franche-Comte
1472 2987 1485 3019 ε
1518 2968 1539 2992 ⁸
1570 2967 1892 3034 Anonymus
1916 2966 2017 3019 iste
2040 2966 2354 3020 monachus
2382 2965 2482 3020 fuit
2503 2966 2651 3021 illius
2675 2967 2928 3021 coenobii
2951 2968 3147 3022 Iuren-

658 3092 682 3118 ,,
719 3051 843 3105 313...
860 3051 955 3105 ubi
991 3049 1760 3118 aliquandiuWandregesilus
1798 3053 1882 3102 est
1917 3053 2331 3114 301313013133,
2366 3050 2530 3115 (3333.
2551 3049 2615 3112 ΙΙ,
2645 3064 2697 3116 p.
2723 3050 2840 3114 525,
2875 3060 2938 3103 3ο
2955 3051 3028 3117 2).
3055 3050 3144 3105 La

655 3133 860 3187 lecture
884 3133 953 3186 de
976 3133 1032 3187 13
1075 3133 1201 3185 Vita
1220 3138 1277 3184 2a
1303 3133 1482 3200 plutot
1504 3148 1611 3201 que
1636 3131 1773 3185 celle
1797 3132 1866 3184 de
1884 3131 1938 3184 la
1972 3131 2094 3183 Vita
2121 3137 2176 3184 1·¹
2206 3147 2240 3184 a
2264 3131 2363 3184 fait
2387 3136 2565 3185 331113
2587 3132 2724 3185 chez
2746 3132 2825 3186 lui
2847 3136 2986 3187 cette
3010 3149 3148 3187 cou-

651 3215 874 3283 jecture.
920 3216 969 3268 A
1014 3215 1354 3282 n’envisager
1400 3230 1507 3282 que
1547 3214 1602 3268 13
1648 3215 1776 3267 Vita
1797 3219 1870 3276 1⁰,
1895 3213 2012 3267 rien
2037 3229 2106 3266 ne
2131 3228 2342 3280 pronve
2365 3229 2473 3282 que
2506 3214 2823 3282 l'anonyme
2847 3216 2924 3269 ait
2943 3215 3143 3271 habite

655 3299 890 3367 quelque
915 3302 1093 3365 temps
1115 3298 1167 3351 le
1203 3301 1518 3351 1303331313
1544 3296 1612 3349 (13
1635 3294 2239 3358 Saint·Claude,.moins
2282 3310 2483 3349 encore
2519 3296 2649 3364 qu'il
2674 3313 2708 3363 y
2730 3298 2808 3350 ait
2829 3297 2967 3351 ecrit
2990 3303 3147 3353 cette

656 3381 771 3435 Vie.
791 3380 1047 3434 Mabillon
1072 3379 1255 3447 ajoute
1279 3399 1292 3433 :
1321 3381 1342 3403 ²
1365 3380 1523 3434 Certe
1548 3378 1650 3431 iste
1676 3383 1870 3431 auctor
1893 3378 1961 3431 de
1986 3377 2303 3431 Fontanella
2330 3379 2661 3433 monasterio
2679 3380 2836 3447 quasi
2859 3380 2927 3434 de
2951 3380 3144 3435 alieno

662 3505 684 3529 ‚
711 3463 990 3517 domicilio
1034 3463 1274 3531 loquitur
1320 3504 1361 3527 ...
1403 3463 1446 3516 Il
1488 3466 1774 3515 reconnatt
1816 3461 2122 3528 cependant
2160 3477 2267 3528 que
2308 3460 2543 3515 l'auteur
2580 3463 2795 3530 appelle
2833 3462 3146 3518 Wandrille

648 3556 865 3617 patrem
900 3555 1165 3599 nostrum.
1205 3545 1348 3599 C'est
1386 3544 1534 3599 aussi
1558 3559 1778 3597 comme
1814 3543 2074 3610 religieux
2112 3542 2179 3596 de
2216 3543 2535 3597 Fontenelle
2570 3544 2701 3611 qu’il
2725 3546 2839 3599 clot
2862 3561 2967 3599 303
2998 3548 3150 3602 13311

657 3645 757 3698 par
776 3627 1170 3682 l'exhortation
1192 3629 1437 3681 suivante
1460 3641 1474 3679 :
1507 3629 1529 3653 ⁸
1554 3628 1826 3680 Sectemur
1861 3627 2019 3690 hunc,
2040 3629 2074 3690 f
2081 3634 2326 3689 ratres,
2353 3630 2625 3680 communi
2646 3631 2880 3682 studio...
2902 3631 3151 3684 laetetur

650 3721 848 3782 pater
880 3715 937 3764 in
961 3713 1145 3776 filiis...
1181 3721 1289 3765 ut...
1312 3717 1722 3779 repraesentare
1746 3726 1861 3762 noe
1890 3717 2012 3762 ante
2046 3711 2224 3762 oculos
2258 3710 2367 3762 Dei
2397 3709 2621 3764 caleat...
2643 3752 2664 3775 „
2694 3710 2849 3764 Deux
2875 3727 3147 3781 passagae

661 3793 978 3863 pourraient
1000 3794 1212 3847 donner
1234 3797 1267 3847 3
1289 3809 1486 3861 penser
1508 3809 1615 3861 que
1638 3791 1872 3846 l’auteur
1893 3791 1981 3844 n'a
2005 3807 2102 3858 pas
2130 3789 2375 3857 touj0urs
2399 3796 2701 3859 appartenu
2718 3795 2752 3846 3
2777 3793 3106 3849 Fontenelle
3128 3818 3146 3852 :

663 3894 711 3931 c.
744 3878 821 3931 11.
846 3877 888 3930 Il
914 3875 1009 3929 fait
1029 3875 1291 3945 precedet
1312 3877 1365 3929 13
1390 3875 1568 3928 vision
1592 3874 1666 3927 du
1699 3875 1840 3927 saint
1865 3874 2107 3942 pendant
2143 3889 2245 3927 son
2280 3873 2464 3941 sejour
2490 3877 2524 3928 3
2558 3875 2935 3931 Saint-Claude
2963 3877 3032 3931 de
3068 3894 3148 3933 33

662 3959 1005 4026 temoignage
1030 3977 1043 4010 ε
1071 3959 1092 3982 “
1118 3960 1224 4012 Nec
1248 3960 1387 4011 illud
1408 3960 1706 4010 niaximum
1727 3957 2057 4010 miraculum
2072 3960 2379 4024 praeterire
2397 3958 2583 4020 audeo,
2604 3960 2747 4026 quod
2759 3961 2969 4023 factum
2994 3963 3017 4013 i
3022 3979 3152 4028 pse

665 4049 887 4097 sancto
921 4042 1041 4093 Dei
1074 4050 1394 4094 narrante
1431 4042 1663 4106 coynovi.
1693 4080 1714 4105 ,,
1743 4039 1876 4092 Mais
1898 4039 1936 4092 il
1962 4055 2033 4093 ne
2058 4038 2167 4092 suit
2188 4054 2287 4106 pas
2313 4039 2381 4092 de
2404 4039 2459 4092 13
2493 4056 2602 4109 que
2624 4040 2861 4095 l'auteur
2891 4042 2970 4096 ait
3005 4059 3149 4111 recu

662 4125 720 4179 13
740 4124 1061 4178 confidence
1086 4124 1155 4177 de
1192 4123 1490 4177 Wandrille
1518 4125 1552 4176 a
1588 4122 1970 4176 Saint·C1aude
2011 4126 2221 4185 merum
2263 4138 2326 4176 ce
2357 4122 2497 4176 n’est
2537 4139 2633 4191 pas
2672 4123 2728 4177 13
2750 4125 2903 4178 33313
2936 4126 3075 4180 (1031
3102 4129 3151 4185 11

662 4208 747 4262 fut
768 4208 998 4268 honore,
1023 4210 1079 4261 et
1100 4207 1154 4260 13
1177 4206 1415 4260 13331313
1437 4206 1573 4259 dont
1595 4205 1631 4258 il
1658 4221 1726 4258 en
1753 4205 1918 4272 parle‚
1944 4211 2016 4259 33
2034 4205 2121 4258 ch.
2149 4206 2224 4270 16,
2253 4204 2351 4258 fait
2370 4221 2635 4272 supposer
2652 4223 2728 4260 un
2752 4212 2976 4261 3031331
2999 4225 3150 4266 avec

662 4287 715 4342 le
738 4288 882 4342 saint
903 4288 1190 4355 beaucoup
1210 4287 1330 4354 plus
1353 4287 1483 4353 long
1506 4301 1614 4354 que
1637 4286 1689 4339 13
1714 4285 1900 4352 331031
1933 4289 1966 4338 a
2002 4284 2402 4339 Saint-Claude.
2436 4285 2518 4339 La
2558 4286 2685 4339 Vita
2707 4292 2786 4349 20,
2819 4286 2858 4341 il
2882 4293 2964 4342 331
2999 4292 3152 4358 vrai,

663 4371 875 4425 affirmo
897 4386 1003 4439 que
1027 4386 1090 4423 33
1123 4370 1203 4424 fut
1243 4373 1275 4422 3
1301 4369 1693 4423 Saint·Claude
1729 4384 1836 4437 que
1872 4367 2014 4422 celui
2049 4369 2140 4436 qui
2165 4373 2393 4421 raconte
2430 4368 2498 4421 ici
2526 4369 2582 4422 la
2605 4369 2799 4437 vision,
2825 4370 3045 4439 l'apprit
3065 4375 3154 4430 de

662 4453 997 4508 Wandrille:
1032 4454 1181 4507 Haec
1201 4455 1264 4506 de
1287 4456 1403 4507 viro
1427 4453 1655 4507 Domini
1689 4454 1944 4506 ret-elatio
1981 4460 2188 4505 ostensa
2224 4454 2412 4516 fuerat
2447 4453 2664 4505 cuidam
2699 4471 2885 4507 servo
2908 4457 3037 4509 Dei
3065 4460 3156 4513 in

661 4537 686 4587 i
693 4551 806 4603 pso
838 4536 977 4588 loeo
1015 4537 1288 4601 deyenti,
1329 4536 1426 4602 qui
1452 4541 1500 4587 et
1517 4534 1671 4587 nobis
1696 4551 1937 4587 narrare
1960 4536 2153 4587 solitus
2175 4543 2308 4587 erat.
2335 4534 2381 4587 A
2407 4549 2672 4601 supposer
2689 4551 2795 4603 que
2813 4535 3049 4592 l'auteur
3065 4540 3152 4596 de

659 4617 715 4670 la
738 4618 858 4671 Vita
875 4621 933 4669 2⁶
960 4616 1065 4670 soit
1087 4616 1158 4669 ici
1180 4616 1405 4680 sincere,
1429 4616 1464 4669 il
1490 4632 1549 4669 se
1574 4620 1704 4683 peut
1724 4616 1852 4669 bien
1870 4615 2016 4670 aussi
2041 4615 2170 4682 qu¹il
2191 4615 2267 4669 ait
2281 4617 2390 4669 1331
2407 4615 2700 4684 interprete
2713 4617 2765 4671 le
2784 4620 3153 4691 temoignage

660 4699 729 4753 de
747 4715 846 4752 303
870 4699 1176 4753 devancier.
1201 4700 1257 4752 C.
1284 4698 1361 4753 18.
1379 4698 1466 4752 Un
1485 4704 1636 4752 autre
1659 4714 1922 4767 passage:
1946 4700 2022 4752 Et
2045 4716 2136 4767 eqo
2163 4701 2274 4766 ipse
2297 4700 2483 4767 aliquo
2505 4702 2686 4764 fratre
2709 4703 2775 4752 in
2812 4719 2862 4754 m
2879 4715 3075 4758 onaat
3088 4727 3154 4761 e·

658 4785 764 4835 rio
790 4791 1055 4836 narrante
1076 4786 1294 4847 commi-i
1316 4799 1348 4835 3
1372 4798 1442 4850 pu
1463 4782 1675 4835 donner
1698 4786 1732 4835 3
1751 4798 1948 4850 ρ33331
1969 4798 2077 4850 que
2101 4781 2373 4835 l'ecrivain
2397 4798 2465 4835 ne
2484 4799 2542 4836 se
2562 4783 2801 4838 trouvait
2823 4800 2924 4852 pas
2941 4789 2976 4839 3
2995 4788 3151 4846 Fon·

660 4865 875 4922 tenelle.
890 4864 1001 4917 lors
1024 4865 1093 4917 de
1113 4866 1165 4917 la
1185 4870 1328 4918 mort
1340 4865 1408 4917 de
1426 4864 1741 4918 Wandrille.
1762 4865 1817 4918 Si
1836 4881 1907 4918 on
1922 4864 1984 4918 lit
2000 4864 2418 4918 attentivement
2435 4865 2486 4918 le
2508 4870 2671 4930 texte,
2688 4882 2761 4920 on
2777 4876 3151 4929 reconnaitra

660 4947 787 5014 qu’il
805 4947 1100 5000 n‘autorise
1118 4963 1214 5015 pas
1231 4952 1369 5001 cette
1391 4947 1824 5015 interpretation.
1845 4947 2091 5001 Pendant
2103 4963 2209 5016 que
2223 4948 2277 5000 13
2295 4948 2510 5016 plupart
2526 4949 2624 5002 des
2642 4949 2905 5017 religieux
2923 4955 3152 5011 etaient
3243 5010 3248 5013 ,
