3487 5450
257 3231 539 3287 Ennodius

304 3297 353 3366 -5
381 3300 491 3354 175.

273 3725 412 3781 nnn.
429 3703 540 3779 17'9.

232 4417 582 4474 Cssssmffl.

649 542 790 615 124
1281 562 1371 616 ns
1421 561 1972 616 mmonomo
2022 559 2470 613 wonrmmn.

638 771 736 810 rus
757 754 823 809 ‘in
859 753 1039 822 primo
1077 768 1182 809 suo
1225 753 1437 809 scholio
1476 753 1534 808 in
1561 752 2004 808 Translationem
2043 753 2098 809 S.
2129 751 2418 823 Epiphanii
2446 752 2521 821 (1)
2553 770 2569 807 ε
2605 752 2630 779 ⁸
2660 750 2904 820 Scriptor
2936 751 3105 807 huius

645 894 669 920 ,
703 853 1071 908 translationis
1104 857 1299 908 testem
1320 869 1382 907 se
1404 852 1611 918 aetatis,
1633 868 1746 921 qua
1768 868 2002 921 maguus
2034 851 2165 907 Otto
2199 851 2398 919 floruit,
2431 852 2721 921 aequalem
2744 850 2996 906 ostendit.
3019 851 3104 907 Ex

644 993 669 1018 .
703 951 758 1007 S.
779 952 1063 1021 Epiphanii
1076 952 1190 1007 vita
1206 957 1418 1021 partem
1445 956 1752 1007 extremam
1784 951 2104 1021 desumpsit.
2133 967 2277 1020 quae
2310 950 2381 1006 de
2404 951 2600 1020 gallica
2631 950 2903 1019 legatione
2931 950 3106 1006 nobili

643 1093 667 1116 ,
705 1053 1025 1106 comitatum
1044 1051 1340 1121 triumpho,
1363 1051 1517 1105 omni
1539 1050 1748 1106 scilicet
1762 1051 2045 1106 iuventute
2066 1050 2335 1119 Liguriae,
2366 1066 2534 1120 quam
2559 1050 2720 1105 Gothi
2752 1050 3105 1116 attinuerunt,

644 1189 669 1214 .
703 1150 987 1219 redempta
1009 1154 1066 1205 et
1086 1154 1314 1214 asserta,
1335 1149 1587 1205 Ticinum
1611 1149 1847 1217 deducit,
1879 1154 2046 1220 atque
2082 1149 2210 1204 inde
2234 1165 2435 1218 magno
2473 1149 2726 1204 omnium
2745 1148 3016 1204 desiderio
3051 1154 3109 1204 et

644 1291 668 1314 ,
703 1248 855 1304 luctu
875 1248 1175 1304 extinctum
1199 1249 1462 1319 caeloque
1486 1252 1769 1317 receptum
1791 1248 1989 1314 scribit,
2024 1248 2334 1303 narrah'one
2368 1248 2440 1303 ab
2474 1265 2542 1303 ea
2570 1247 2709 1312 Vita,
2729 1263 2898 1316 quam
2928 1248 3110 1303 Enno-

644 1388 669 1413 ,
704 1347 828 1402 dius
858 1348 1087 1417 scripsit,
1107 1364 1223 1404 nou
1257 1338 1375 1403 tam
1396 1347 1669 1403 sententia
1688 1364 1859 1417 quam
1894 1347 2078 1403 verbis
2110 1347 2471 1416 discrepante,
2504 1364 2675 1418 quam
2709 1364 2830 1413 nos,
2852 1364 2954 1405 ceu
2975 1348 3110 1403 huic

645 1486 672 1513 ,
705 1445 955 1502 instituto
977 1447 1235 1513 alienum,
1258 1451 1455 1516 sponte
1471 1446 1855 1516 praeteriimus
1882 1487 1925 1511 ,.

705 1543 824 1601 Iam
846 1561 978 1600 vero
1001 1547 1148 1602 hanc
1169 1551 1398 1615 partem,
1416 1562 1584 1616 quam
1618 1545 1987 1615 praetermisit
2006 1545 2313 1611 Browerus,
2337 1561 2462 1600 eam
2485 1562 2606 1601 esse
2639 1562 2809 1615 quam
2831 1547 2945 1601 iam
2967 1545 3111 1608 subi-⁴

641 1642 834 1709 cimus,
850 1644 1028 1714 ipsam
1048 1646 1250 1713 legenti
1273 1645 1630 1700 manifestum
1660 1645 1781 1709 erit.
1802 1646 2125 1714 praesertim
2149 1661 2276 1699 cum
2311 1644 2371 1699 in
2405 1661 2473 1700 ea
2506 1647 2609 1700 sub
2630 1645 2787 1700 initio
2818 1648 3114 1700 occurrant

642 1742 764 1812 ipsa
794 1745 965 1799 verba
992 1760 1136 1814 quae
1169 1744 1478 1809 Browerus,
1501 1759 1628 1799 cum
1652 1743 1808 1799 illam
1832 1744 2199 1799 narrationem
2234 1744 2422 1813 paucis
2457 1744 2825 1809 contraheret,
2845 1743 3070 1799 retinuit
3094 1764 3112 1800 t

642 1844 850 1899 Beatus
880 1846 1063 1913 itaque
1095 1844 1500 1913 Epiphanius...
1537 1845 1635 1898 illo
1679 1845 1851 1898 nob-‘1⁸‘
1886 1846 2173 1899 comitatus
2212 1845 2508 1912 triumpho,
2553 1845 2674 1909 sm
2719 1845 2920 1898 &ilicet
2961 1847 3119 1898 omno·

644 1946 913 1998 inmane
937 1942 1267 2011 Liguriae...

707 2039 962 2094 Testatur
971 2039 1278 2094 Pertziusse
1289 2055 1360 2094 ex
1371 2038 1570 2094 eodem
1587 2038 1904 2107 exemplari,
1921 2056 2034 2108 quo
2053 2038 2187 2094 olim
2206 2054 2342 2093 usus
2365 2042 2484 2093 erat
2495 2033 2804 2104 Brow'erus,
2813 2037 3117 2094 editionem

643 2155 805 2195 suam
825 2137 1219 2193 Translatiouis
1234 2153 1474 2207 parasse,
1496 2137 1683 2193 codice
1705 2153 1907 2216 nempe
1939 2154 2083 2192 saec.
2104 2136 2218 2199 XV.
2242 2138 2374 2192 olim
2393 2137 2579 2192 Sancti
2601 2138 2883 2193 Michaelis
2907 2138 3115 2193 Hildae-

645 2235 942 2299 hemensis,
961 2235 1056 2305 qui
1075 2239 1197 2290 tum
1218 2235 1276 2290 in
1298 2233 1640 2290 bibliotheca
1660 2235 1967 2290 Hei-manni
1990 2234 2172 2290 Adolfl
2194 2234 2422 2289 Lllntzel
2446 2236 2767 2290 servabatur
2788 2236 2879 2303 (Ξ).
2905 2236 3117 2291 Verum

644 2350 771 2390 cum
793 2334 863 2389 de
878 2335 1062 2403 priore
1098 2334 1271 2389 libelli
1302 2338 1459 2404 parte
1482 2350 1553 2389 ne
1586 2335 1759 2389 verbo
1793 2334 2016 2404 quidem
2038 2333 2350 2388 meminerit
2371 2333 2456 2388 vir
2478 2334 2842 2411 doctissimus,
2865 2334 3116 2390 codicem

642 2433 798 2489 illum
818 2433 1085 2502 inspicere
1105 2433 1430 2502 cupivimus,
1447 2433 1517 2487 Et
1535 2432 1666 2502 quia
1688 2432 1952 2487 litteraria
1975 2432 2240 2487 Luntzelii
2254 2433 2537 2501 suppellex
2559 2433 2615 2487 in
2629 2432 2877 2501 publicas
2898 2433 3119 2488 Hildes·

644 2533 938 2588 hemenses
969 2532 1323 2587 collectiones
1357 2532 1663 2597 mnsierat,
1697 2531 1889 2586 litteris
1926 2530 2069 2586 datis
2101 2531 2208 2586 hac
2242 2531 2313 2586 de
2347 2547 2408 2586 re
2429 2530 2801 2587 bibliothecae
2823 2531 3121 2587 Hildeshe·

645 2630 824 2687 mensi
850 2630 1156 2700 praefectos
1186 2630 1674 2700 interrogavimus
1691 2647 1728 2685 ι
1749 2630 1948 2700 quibus
1971 2646 2297 2699 responsum
2319 2635 2405 2685 est
2425 2631 2838 2713 perhumaniter
2858 2629 3115 2686 codicem

645 2730 819 2792 illum.
837 2747 949 2800 quo
969 2730 1283 2786 Translatio
1306 2730 1593 2800 Epiphanii
1610 2731 2009 2795 continebatur,
2032 2729 2277 2785 uoniam
2301 2735 2578 2799 repertum
2597 2747 2734 2785 esse.

735 2937 802 2993 1.
843 2927 1086 2993 Beatus
1139 2926 1363 3010 itaque
1418 2925 1822 3010 Epiphanius
1878 2924 2315 2991 dissolutionis
2369 2945 2530 2991 suae
2570 2929 2831 3009 tempus
2886 2927 3126 3011 spiritu

648 3028 834 3111 longe
862 3030 1017 3091 ante
1044 3042 1504 3110 praenoscenS,
1521 3029 1877 3109 postquam
1898 3024 1983 3090 de
2012 3023 2267 3103 Gallia¹,
2276 3024 2600 3106 legatione
2620 3024 2879 3091 functus
2897 3025 3126 3092 Theo-

648 3125 883 3191 derici²
912 3124 1136 3191 ltaliae
1175 3124 1506 3207 principis,
1548 3123 1654 3188 illo
1682 3123 1885 3189 nobili
1925 3122 2272 3188 comitatus
2300 3123 2651 3206 triumphO,
2695 3122 2831 3189 fere
2873 3124 3126 3191 scilicet

646 3225 825 3292 omni
880 3225 1214 3290 iuventute
1275 3223 1594 3306 Liguriae,
1657 3228 1946 3291 remeavit.
1995 3241 2195 3305 quam
2236 3221 2377 3304 ipse
2412 3223 2801 3288 venerabilis
2843 3226 3036 3307 pater
3078 3245 3129 3292 a

651 3322 1057 3390 Gundebado
1073 3323 1101 3362 ⁸
1136 3327 1400 3406 captam
1450 3320 1796 3388 absolvens
1846 3340 2069 3386 seeum
2096 3321 2403 3403 perduxit
2442 3321 2530 3387 ad
2560 3323 2864 3405 patriam,
2902 3322 3126 3390 Ticini
3169 3347 3209 3396 s

650 3423 907 3507 quietus
952 3422 1242 3488 residere
1287 3420 1625 3504 disposuit,
1670 3439 1801 3503 quo
1828 3420 2045 3486 obitus
2092 3420 2193 3484 sui
2220 3420 2396 3485 diem
2408 3421 2454 3497 ⁴,
2484 3440 2682 3503 quem
2722 3422 3130 3506 appropiare

649 3525 942 3598 noverat,
991 3520 1310 3586 continuis
1365 3519 1594 3602 vigiliis
1621 3518 2003 3601 ieiuniisque
2045 3517 2335 3583 intentus
2372 3519 2658 3584 securior
2685 3524 3130 3603 exspectaret.

734 3625 802 3685 2.
841 3618 1103 3685 Litteris
1131 3619 1412 3702 denique
1453 3617 1589 3701 regi
1618 3617 2029 3692 Ravennam,
2071 3617 2187 3681 ubi
2215 3620 2371 3682 tunc
2408 3618 2811 3697 morabatur,
2840 3618 3133 3697 directiS,

650 3719 948 3784 ordinem
992 3717 1333 3802 legationis
1398 3716 1675 3800 aperuit.
1723 3715 1897 3782 Nam
1932 3739 2033 3793 per
2073 3738 2135 3776 se
2174 3715 2374 3795 illum,
2418 3739 2488 3777 ne
2527 3737 2649 3800 pro
2712 3718 3133 3785 absolutione

652 3815 885 3881 civium
915 3829 1103 3891 gratos
1131 3820 1417 3876 videretur
1442 3813 1547 3879 vel
1566 3812 1832 3879 laudem
1856 3831 2149 3896 poscere,
2178 3813 2399 3878 videre
2425 3814 2679 3897 refugit.
2700 3815 2900 3898 Apud
2921 3835 3135 3899 quem
3179 3841 3255 3891 ιο

652 3918 720 3979 et
773 3933 1039 3980 omnem
1086 3913 1415 3996 Liguriam
1465 3912 1723 3978 tributis
1777 3911 2077 3990 absolvit,
2135 3912 2289 3995 quia
2337 3916 2526 3978 tanta
2587 3913 2655 3978 in
2702 3912 2810 3978 illo
2874 3915 3136 3982 exstitit

652 4014 1026 4092 auctoritas,
1053 4016 1130 4077 ut
1148 4012 1296 4095 plus
1318 4011 1407 4076 illi
1433 4010 1789 4094 imperaret
1813 4010 1990 4094 quod
2017 4010 2232 4088 vellet,
2264 4031 2464 4094 quam
2490 4016 2767 4095 peteret.

733 4120 799 4180 3.
842 4113 918 4177 In
943 4111 1242 4196 praefato
1264 4131 1421 4177 vero
1444 4110 1586 4175 loco
1607 4110 1706 4175 vir
1725 4112 1962 4176 beatus
1986 4110 2054 4175 in
2077 4109 2306 4176 cellula
2330 4110 2639 4177 ecclesiae
2660 4112 2982 4196 contigua,
3005 4114 3137 4181 sed

654 4232 697 4279 a
733 4210 1037 4296 populari
1083 4210 1451 4293 frequentia
1497 4212 1773 4287 remota,
1804 4228 1954 4274 cum
2003 4209 2137 4274 suis
2186 4210 2498 4290 residens,
2543 4215 2775 4277 sancta
2829 4212 3133 4279 animum

654 4310 1077 4378 meditatione
1111 4309 1448 4393 pascebat,
1495 4309 1591 4374 ita
1618 4306 1852 4374 divinis
1892 4308 2111 4373 animo
2151 4307 2459 4388 intentus,
2502 4309 2671 4374 adeo
2699 4329 2818 4394 spe
2859 4314 2926 4376 et
2953 4309 3139 4377 desi·
3179 4335 3259 4388 ω

655 4410 834 4476 derio
891 4409 1191 4492 supernis
1232 4408 1611 4474 coniunctus
1629 4408 1674 4487 ¹,
1730 4411 1826 4487 ut,
1884 4407 2071 4490 quasi
2139 4427 2211 4474 se
2273 4407 2608 4474 hominem
2668 4409 2968 4491 nesciret,
3017 4411 3141 4477 vix

729 4589 869 4640 1.-
892 4585 915 4620 ¹
936 4583 1146 4638 Galilea
1167 4580 1753 4638 Vae-’Theoderici
1787 4581 2374 4638 Wi.—⁸Gundebabo
2398 4582 2908 4648 W2‘3Gundebuudo
2935 4580 3146 4639 Va·—

655 4668 682 4703 ⁴
700 4684 809 4723 m.
841 4669 959 4721 We.

723 4750 906 4805 8.-¹
927 4747 1206 4804 iniunctus
1238 4749 1353 4803 We.

718 4929 796 5000 (ι)
827 4929 991 4987 rom.
1021 4929 1133 4996 dt..
1168 4926 1224 4998 p.
1252 4929 1364 4984 ma
1383 4956 1453 4969 -
1483 4928 1560 4996 (ε)
1584 4928 1737 4994 ua..
1758 4927 1876 4985 scr.
1898 4932 1940 4985 t.
1972 4927 2062 4991 tv,
2084 4943 2137 4998 μ
2169 4929 2287 4985 sie.
