3487 5450
356 1263 388 1295 ¹⁸
407 1264 444 1320 f.
465 1265 574 1319 21'.

364 3741 562 3796 *aaa

717 554 863 629 328
1393 571 1972 623 HAGIOGRAPHIGA
2023 572 2519 622 munuum

713 764 908 828 tibus,
940 762 1019 827 Et
1047 762 1145 826 vir
1172 760 1292 826 Dei
1332 762 1419 826 ad
1463 780 1576 826 eos
1607 782 1624 825 ε
1670 760 1748 825 Si
1788 759 2042 825 creditis
2082 761 2152 824 in
2191 760 2520 824 dominum
2565 759 2819 824 Ihesum
2865 760 3188 824 christum

713 865 961 947 eiusque
991 868 1255 925 ’ventrem
1291 860 1583 926 Mariam
1625 861 1928 943 vir91‘nem
1957 862 2027 924 in
2043 866 2244 944 partu
2273 866 2328 923 et
2346 867 2493 944 post
2521 867 2815 943 partum;
2843 863 2909 924 et
2938 864 3191 926 ceteros

656 1040 659 1043 Α
718 961 1106 1045 exponendo
1129 960 1277 1026 fidei
1303 960 1629 1026 articulos.
1657 959 1895 1025 Dicunt
1916 960 2043 1026 illi:
2075 959 2431 1040 Credamus,
2454 962 2513 1024 si
2535 961 2600 1022 in
2629 961 2879 1024 nomine
2897 961 3032 1024 eius
3054 960 3191 1043 filio

609 1086 617 1093 ·
715 1070 930 1125 nostro
972 1063 1309 1124 sanitatem
1334 1060 1736 1143 prestat-eris.
1776 1059 1959 1139 Quod
1986 1066 2042 1124 et
2067 1060 2286 1142 facies,
2326 1061 2386 1122 si
2412 1079 2626 1123 verum
2665 1059 2977 1142 predicas.
3004 1059 3194 1126 Tune

714 1162 888 1227 facto
919 1160 1124 1225 crucis
1154 1160 1337 1242 signo
1384 1160 1477 1224 ait
1507 1160 1884 1242 epilentiato
1921 1182 1937 1224 ε
1968 1159 2199 1223 Exulet
2232 1181 2273 1223 a
2312 1166 2368 1223 te
2394 1161 2599 1239 omnis
2642 1158 2913 1241 morbum,
2957 1161 3016 1223 si
3043 1180 3191 1224 vera
3225 1176 3254 1224 8

712 1267 861 1327 sunt
898 1281 1013 1345 que
1046 1259 1305 1343 predico
1347 1258 1423 1323 de
1464 1258 1653 1323 Ihesu
1698 1258 2065 1323 Nazareno.
2109 1259 2192 1324 Et
2233 1258 2457 1324 statim
2498 1259 2811 1324 liberatus
2852 1264 2955 1324 est
2969 1262 3027 1338 *,
3069 1278 3193 1325 nec

711 1379 1005 1443 unquam
1042 1359 1321 1441 amplius
1364 1358 1470 1423 illa
1514 1358 1892 1423 infirmitate
1941 1359 2154 1424 extitit
2195 1358 2521 1441 fatigatus,
2562 1358 2642 1423 Et
2684 1359 2774 1423 sic
2807 1358 3194 1441 baptismati

711 1458 877 1524 illico
899 1458 1148 1523 iuvenis
1179 1459 1392 1524 virum
1412 1457 1532 1523 Dei
1555 1462 1656 1523 est
1676 1461 1960 1537 secutuS,
1991 1463 2057 1523 et
2076 1461 2228 1541 post
2258 1458 2466 1523 multa
2494 1461 2796 1541 tempora
2822 1458 2891 1522 in
2911 1458 3193 1523 Domino

713 1556 918 1620 vitam
942 1555 1149 1621 finivit
1169 1558 1282 1639 (l).

797 1661 909 1719 21.
956 1658 1149 1720 Anno
1188 1655 1421 1720 eodem
1467 1655 1733 1738 contigit
1776 1656 1990 1720 virum
2030 1654 2150 1720 Dei
2189 1674 2544 1738 properare
2587 1675 2814 1721 versus
2860 1656 3194 1722 civitatem
3227 1669 3286 1720 ιο

714 1754 1049 1838 Agrigenti
1106 1755 1198 1819 sie
1254 1754 1518 1819 dictam.
1561 1753 1860 1838 Cumque
1909 1754 2159 1819 flumini
2202 1754 2796 1838 adpropinquasset
2832 1756 3008 1838 quod
3045 1756 3197 1821 Pla-

715 1854 851 1918 tani
894 1853 1245 1936 vulgariter
1272 1857 1705 1936 nuncupatur,
1751 1853 1994 1919 invenit
2035 1853 2278 1919 ibidem
2314 1854 2548 1919 Iudeos
2586 1855 2907 1937 quosdam
2945 1854 3198 1921 flumen

714 1951 1011 2018 transire.
1043 1954 1125 2017 Et
1150 1972 1299 2017 ecce
1327 1952 1787 2019 inundationes
1830 1972 2153 2036 aquarum
2196 1954 2365 2018 facte
2407 1958 2579 2030 sunt,
2609 1955 2703 2018 ita
2733 1953 2910 2037 quod
2941 1954 3199 2036 pericli-

716 2055 1012 2116 tarentur
1041 2051 1220 2116 Iudei
1252 2056 1318 2117 et
1338 2052 1528 2135 aquis
1557 2053 1978 2134 agitarentur.
2009 2053 2100 2117 Illi
2127 2072 2278 2117 vero
2302 2072 2451 2118 cum
2475 2054 2722 2118 famam
2745 2054 2865 2118 viri
2887 2053 3007 2117 Dei
3029 2054 3196 2120 alias

715 2150 1135 2224 audivissent,
1159 2151 1608 2216 clamaverunt
1639 2174 1655 2216 :
1689 2151 1948 2215 Adiuvat
1977 2171 2109 2233 noa,
2152 2151 2416 2234 domine,
2453 2153 2520 2215 in
2548 2155 2777 2215 virtute
2809 2152 3053 2217 Christi
3081 2155 3197 2219 tui.
3231 2165 3294 2215 ⁴⁸

715 2248 841 2328 Qui
869 2250 1249 2333 respondit:
1296 2250 1372 2315 Sa·
1411 2250 1733 2333 baptizari
1760 2251 1990 2315 velletis
2030 2259 2086 2315 ot
2115 2252 2184 2315 in
2227 2253 2481 2315 nomine
2523 2254 2658 2316 eius
2700 2252 3036 2316 christiani
3061 2259 3198 2318 tota

713 2355 913 2413 mente
938 2349 1124 2431 effici,
1154 2369 1289 2413 vere
1326 2350 1492 2414 salvi
1516 2351 1713 2414 eritis.
1741 2352 1832 2416 At
1860 2350 1948 2415 illi
1981 2374 1996 2416 :
2043 2350 2151 2415 Sic
2178 2350 2493 2415 credimus
2529 2353 2694 2415 sicut
2729 2373 2843 2435 per
2885 2360 2941 2416 te
2971 2353 3198 2437 prodi-

714 2447 993 2513 oatur-de
1030 2448 1279 2513 Christo
1308 2448 1498 2514 Ihesu
1533 2448 1899 2530 NazarenO,
1930 2456 1987 2513 et
2021 2449 2335 2533 baptisma
2358 2452 2649 2533 petimus
2679 2451 2791 2516 Vir
2818 2456 3043 2517 autem
3071 2452 3194 2519 Dei

714 2548 961 2612 flumen
988 2548 1255 2613 intravit
1297 2549 1409 2631 (2),
1453 2554 1520 2613 et
1560 2549 1749 2631 aquis
1795 2548 1916 2613 illis
1956 2550 2025 2613 in
2070 2549 2332 2615 nomme
2374 2549 2565 2615 lhesu
2605 2551 2979 2633 baptizavit.
3022 2551 3197 2618 Cum

716 2650 939 2711 autem
961 2646 1052 2711 sic
1081 2651 1383 2730 ageretur
1411 2647 1477 2711 in
1494 2647 1709 2713 medio
1731 2647 2036 2725 fluminis,
2059 2667 2272 2732 aquae
2294 2649 2606 2714 cederunt
2635 2654 2866 2714 sancto
2889 2650 3026 2716 viro
3050 2650 3196 2732 Dei,
3229 2659 3298 2712 w

717 2750 785 2810 et
813 2746 1034 2811 divisis
1063 2747 1183 2811 illis
1227 2747 1327 2811 vir
1359 2747 1479 2812 Dei
1506 2748 1731 2813 eduxit
1760 2747 1901 2813 illos
1930 2767 2079 2813 cum
2107 2749 2345 2831 gaudio
2374 2750 2514 2813 sine
2542 2749 2763 2832 aliqua
2804 2750 3067 2816 lesione.
3099 2751 3199 2816 1111

621 2837 627 2842 ’
715 2863 872 2909 vero
902 2845 1179 2910 civitatis
1203 2847 1508 2929 episcopo
1534 2847 1757 2911 omnia
1777 2847 2067 2912 seriatim
2091 2851 2543 2913 narraverunt.
2569 2920 2578 2928 ,

800 2935 920 3008 22.
963 2944 1110 3009 Non
1150 2949 1303 3027 post
1343 2944 1583 3010 multos
1626 2945 1767 3010 dies
1806 2965 1967 3029 prae
2008 2946 2208 3010 nimia
2250 2947 2621 3012 visitatione
2669 2947 2897 3031 populi
2934 2949 3034 3013 vir
3073 2947 3201 3015 Dei

713 3062 942 3108 versus
971 3043 1360 3108 Leontinum
1387 3045 1696 3126 perrexit,
1725 3045 1838 3109 ubi
1866 3045 2143 3110 Domino
2174 3046 2612 3128 cohoperante
2654 3047 2863 3112 multa
2888 3047 3199 3114 miranda

712 3142 976 3224 pandit3
1018 3143 1189 3207 inter
1230 3162 1402 3225 quae
1449 3163 1653 3208 unum
1701 3143 2027 3226 singulare
2066 3149 2389 3209 narratur.
2426 3144 2598 3210 Nam
2642 3145 2810 3210 filius
2850 3146 3199 3214 cuiusdam
3231 3164 3300 3215 2⁸

714 3241 948 3306 nobilis
978 3241 1060 3305 de
1087 3241 1312 3305 Lamia
1343 3242 1435 3306 sic
1464 3241 1636 3320 dicti,
1678 3243 1942 3307 nomine
1983 3243 2346 3323 Adinolfus,
2387 3244 2453 3308 in
2483 3245 2795 3309 extremis
2823 3244 3198 3312 laborabat.
3319 3237 3323 3241 Α

715 3339 794 3404 Et
857 3342 1040 3404 unito
1094 3339 1497 3405 medicorum
1553 3341 1818 3406 consilio
1875 3341 2051 3423 quod
2115 3343 2344 3407 funera
2404 3343 2881 3422 ordinarentur,
2939 3345 3198 3412 viscera

711 3442 1012 3503 materna
1042 3439 1569 3517 contremiscunt,
1591 3458 1714 3504 nec
1736 3440 2096 3523 quidquam
2117 3442 2457 3524 preparari
2479 3442 2756 3521 sinebat,
2778 3442 2896 3508 sed
2916 3445 3198 3526 provide

711 3538 1021 3602 comitata
1044 3538 1129 3602 ad
1155 3543 1582 3603 convenctum
1613 3538 1890 3603 fratrum
1912 3538 2147 3604 devote
2174 3546 2505 3622 properat,
2529 3541 2970 3626 affectumque
2991 3543 3197 3609 devo-

712 3636 924 3714 tionis,
949 3657 1149 3719 quam
1178 3637 1447 3719 gerebat
1475 3637 1543 3702 in
1582 3642 1849 3720 pectore
1891 3657 2046 3721 erga
2085 3639 2296 3703 virum
2341 3640 2476 3719 Dei,
2504 3641 2863 3706 forinsecus
2891 3642 2979 3707 ad
3007 3642 3195 3709 illum
3228 3659 3294 3711 ³0

710 3735 1214 3801 lamentabiliter
1237 3736 1478 3801 elamat
1501 3758 1517 3800 ε
1546 3735 1609 3799 Ε
1604 3758 1712 3821 ya,
1734 3738 1933 3801 amice
1953 3737 2100 3818 Dei,
2126 3737 2392 3821 Alberte,
2415 3739 2653 3804 adiuva
2675 3762 2791 3805 me.
2814 3740 2989 3805 Hinc
3003 3743 3039 3782 *
3062 3763 3196 3807 non

713 3835 1018 3916 recedam,
1061 3835 1254 3899 donec
1281 3837 1409 3900 tuis
1453 3838 1693 3900 meritis
1725 3837 1902 3918 filius
1945 3858 2118 3902 ’eveus
2159 3838 2526 3923 Adynolfus
2555 3840 2976 3921 convalescat;
3006 3840 3195 3906 illum

710 3954 983 4018 namque
1011 3942 1115 3997 tuo
1144 3936 1392 3999 servitio
1428 3935 1759 3999 destinavi.
1787 3936 1870 3999 Et
1899 3955 2048 4000 cum
2077 3940 2250 4001 esset
2278 3938 2363 4001 ad
2395 3937 2566 4003 fores
2609 3938 2922 4018 damam,
2956 3939 3195 4007 fratres

711 4033 797 4097 ad
828 4032 1005 4097 illam
1029 4034 1155 4098 cito
1177 4038 1534 4116 properant
1565 4038 1629 4098 et
1660 4034 1842 4099 aiunt
1865 4034 1992 4099 illi:
2024 4035 2212 4115 Quid,
2233 4044 2436 4099 mater
2454 4036 2712 4120 doloris,
2727 4039 3203 4121 praestolaris?

715 4131 863 4195 Non
905 4140 990 4196 est·
1018 4131 1136 4211 hic,
1168 4133 1485 4215 inquiunt,
1517 4136 1617 4196 vir
1660 4134 1802 4215 Dei,
1830 4134 1938 4199 sed
1979 4142 2224 4198 tantum
2257 4137 2681 4200 vestimentum
2710 4139 2841 4201 eius
2870 4137 3049 4222 apud
3077 4159 3196 4203 nos
3230 4155 3299 4206 3⁸

710 4233 1034 4295 remansit.
1064 4230 1257 4310 Quod
1286 4232 1395 4298 illa
1428 4233 1752 4298 instanter
1780 4233 2153 4316 postulavit,
2188 4236 2460 4300 credens
2486 4236 2759 4301 firmiter
2802 4237 3041 4303 virtute
3069 4237 3196 4304 Dei

708 4331 776 4396 in
805 4331 910 4396 illo
953 4333 1212 4414 operari
1255 4332 1384 4397 filio
1428 4352 1546 4398 suo
1589 4332 1886 4398 salutem.
1933 4333 2234 4399 Tandem
2279 4335 2401 4417 piis
2443 4336 2745 4422 precibus
2788 4330 3206 4404 astricti'sub

711 4430 944 4496 eadem
990 4431 1118 4496 fide
1161 4431 1613 4514 imposuerunt
1648 4432 1804 4498 illud
1839 4453 2037 4515 super
2064 4434 2415 4512 infirmum,
2445 4436 2690 4500 cunctis
2719 4437 3081 4502 orantibus
3108 4437 3197 4504 Et

710 4549 857 4594 ecce
889 4530 1097 4595 adfuit
1127 4550 1354 4595 servus
1383 4530 1502 4596 Dei
1528 4531 1598 4595 in
1625 4531 1789 4610 visu,
1820 4532 1931 4615 qui
1976 4532 2131 4597 dicit
2171 4533 2258 4597 illi
2302 4556 2318 4597 ε
2362 4533 2608 4618 Mayna
2640 4534 2817 4616 fidem,
2862 4555 2898 4599 ο
2943 4536 3195 4620 mulier,

710 4649 824 4713 que
866 4628 1070 4693 Deum
1101 4630 1367 4694 inclinat
1411 4629 1499 4693 ad
1549 4631 2071 4696 misericordiam.
2118 4632 2319 4716 Surye
2358 4654 2501 4718 erqo
2547 4636 2615 4696 in
2653 4636 2903 4698 nomine
2944 4635 3197 4700 dome'ni
3227 4657 3298 4712 ω

709 4945 746 4995 2
776 4860 850 4996 (4¹)
885 4858 905 4925 (
918 4860 1103 4913 Virum
1126 4887 1147 4898 ·
1158 4861 1355 4926 finivit)
1391 4875 1502 4914 om.
1528 4865 1578 4926 2,
1600 4865 1650 4914 3.
1687 4888 1756 4899 -
1784 4861 1859 4927 (2)
1881 4861 2172 4916 Albertum
2192 4878 2358 4932 super
2377 4879 2549 4932 aquas
2571 4865 2887 4921 ambulasse
2909 4867 3198 4924 affirmant

744 4984 759 5008 ‚
813 4982 829 5006 ,
848 4948 902 4997 5.
