3487 5450
1086 599 1182 651 ex
1229 600 1395 654 con.
1443 600 1803 652 venemo
1850 599 2005 654 38η.
2642 579 2783 654 321

310 789 529 856 culum
556 778 921 859 devotionis
963 792 1050 865 et,
1091 792 1167 854 ut
1199 789 1402 855 moris
1443 792 1564 868 est,
1604 789 1908 855 habitum
1950 792 2250 855 sanctum
2307 790 2666 874 solepniter
2721 791 2792 856 in

308 888 588 956 Domino
637 889 939 972 sumpsit.
992 888 1216 954 Vestes
1258 907 1414 954 vero
1456 889 1656 955 seculi
1695 908 1830 954 non
1877 888 2162 971 neglexit
2212 890 2430 956 subito
2481 889 2791 957 manibus

246 1024 249 1025 ν
306 989 586 1072 propriis
632 988 1033 1073 pauperibus
1088 1007 1380 1071 erogare.
1435 988 1655 1054 Vitam
1711 1008 1975 1072 quoque
2031 989 2348 1054 mirabilis
2422 990 2790 1056 sanctitatis

306 1088 592 1154 indelate
620 1088 973 1153 incohavit.
1816 1101 1819 1104 ’
1913 1090 1916 1095 ’

241 1206 272 1251 s
393 1193 459 1253 7.
502 1187 816 1253 Diabolus
845 1191 1068 1252 autem
1097 1188 1476 1270 serpentina
1501 1187 1795 1271 nequitia
1824 1186 2093 1270 cupiens
2117 1207 2382 1254 servum
2406 1188 2724 1253 Altissimi
2747 1211 2790 1255 a

306 1291 535 1353 sancto
578 1288 914 1371 proposito
957 1306 1286 1360 revocare,
1328 1287 1546 1371 ipsum
1575 1287 1686 1370 qui
1714 1286 1898 1352 initio
1943 1288 2043 1352 sui
2078 1288 2436 1353 novitiatus
2479 1308 2789 1371 asperam

304 1387 778 1470 paenitentiam
804 1406 955 1452 cum
1003 1386 1345 1470 amplexus
1372 1386 1602 1452 fuisset
1632 1390 1698 1452 et
1751 1387 1817 1452 in
1845 1387 2141 1452 oratione
2180 1387 2450 1452 assidua
2477 1388 2791 1470 persiste-

303 1491 425 1566 ret,
447 1488 570 1551 sub
597 1486 809 1569 figura
836 1486 1208 1569 aggreditur
1227 1486 1516 1552 mulieris
1547 1486 2009 1551 inextimabilis
2039 1486 2511 1569 pulcritudinis.
2541 1487 2791 1570 ipsum-

305 1607 435 1670 que
469 1586 580 1650 Dei
610 1605 873 1651 servum
921 1586 1031 1668 pio
1060 1585 1243 1649 vultu
1286 1585 1768 1668 ingemiscendo
1818 1585 2168 1669 alloquitur
2202 1609 2218 1651 ε
2259 1586 2394 1650 Heu
2425 1587 2601 1668 mihi,
2633 1588 2790 1673 quid

207 1702 269 1749 lo
301 1686 572 1769 faciam,
602 1693 709 1749 tuo
736 1691 911 1748 tanto
954 1705 1170 1747 amore
1196 1692 1405 1768 capta,
1446 1693 1671 1769 tuoque
1697 1688 2009 1749 consortio
2047 1685 2398 1750 derelicta?
2424 1686 2787 1767 Credebam,

304 1785 534 1868 inquit,
584 1792 784 1849 tecum
832 1786 1238 1848 matrimonio
1286 1784 1597 1868 copulari.
1648 1784 1883 1849 Precor
1934 1792 1990 1848 te
2041 1787 2264 1869 iyitur,
2323 1787 2457 1849 noli
2505 1807 2600 1850 me
2652 1794 2786 1850 tam

304 1885 567 1949 nobilem
597 1892 783 1969 atque
809 1885 1142 1968 spetiosam
1185 1883 1495 1964 deserere‚·
1519 1884 1629 1949 sed
1666 1884 1755 1947 ad
1783 1886 2057 1949 seculum
2089 1893 2407 1949 revertere.
2443 1884 2590 1948 Non
2620 1887 2787 1950 enim

304 1985 418 2048 tibi
456 1985 595 2048 licet
643 1984 810 2047 hunc
856 1983 1140 2047 habitum
1189 1991 1496 2067 receptum
1537 1985 1825 2048 retinere.
1873 1983 2011 2069 Eyo
2068 1984 2365 2067 avtzplexu
2393 1984 2657 2067 florida
2711 2006 2788 2049 ac

304 2083 511 2148 multa
536 2086 814 2148 renitens
835 2072 1252 2166 formositate,
1288 2083 1563 2167 fulqenti
1585 2085 1905 2167 prosapia
1931 2086 2143 2168 yenita
2175 2092 2359 2169 atque
2385 2084 2563 2148 bonis
2590 2084 2786 2150 buius

207 2199 268 2245 45
304 2182 551 2262 ηιαηᾱί,
581 2185 649 2246 in
677 2182 902 2268 quibus
943 2184 1225 2246 consistit
1264 2184 1463 2246 tutior
1497 2203 1661 2266 pars
1698 2183 2030 2265 felicitatis
2078 2182 2419 2266 humanae,
2463 2183 2781 2250 habunda.

313 2282 484 2363 Quid
524 2284 726 2366 iyitur
772 2282 839 2345 in
888 2289 1069 2345 tanta
1122 2283 1380 2345 vuiseria
1426 2282 1657 2363 fateris
1690 2290 1992 2366 perpetuo
2053 2284 2354 2348 manere?
2406 2283 2635 2347 Nonne
2688 2286 2789 2347 tui

305 2383 555 2447 comites
583 2383 847 2460 cimices,
882 2382 1142 2466 pulices,
1183 2382 1548 2465 sexcupedes
1592 2389 1646 2446 et
1693 2382 1952 2463 fetentes
1989 2404 2220 2447 vermes
2265 2390 2468 2463 eruvzt,
2513 2385 2571 2447 si
2617 2382 2786 2446 hanc

305 2481 617 2546 caducam
656 2483 855 2544 vitam
898 2482 1156 2544 duxeris
1198 2487 1255 2544 et
1297 2480 1642 2545 acerbam?
1668 2482 1936 2565 Insuper
1971 2482 2251 2565 profecto
2297 2482 2527 2546 debolis
2558 2490 2787 2547 nature

300 2582 703 2665 prospiceris.
751 2580 965 2661 Quare
1005 2579 1119 2643 hoc
1156 2602 1349 2664 yrave
1388 2580 1646 2664 pondus
1682 2580 1860 2663 ferre
1908 2583 2239 2666 nequieris.
2276 2581 2387 2646 Ad
2435 2581 2591 2666 quid
2641 2602 2785 2667 erqo

205 2693 267 2743 20
307 2682 545 2765 cepisti,
587 2680 757 2766 quod
796 2678 1094 2764 perficere
1140 2700 1270 2744 non
1312 2680 1599 2763 poteris?
1628 2679 1891 2745 Obsecro
1937 2688 1993 2745 te
2037 2683 2244 2766 itaque
2288 2702 2364 2744 ac
2414 2687 2542 2746 tota
2589 2689 2787 2746 mente

303 2781 584 2865 deposcO,
608 2786 662 2845 ‘o
689 2782 931 2845 iuvenis
963 2779 1407 2863 pulcherrime,
1435 2802 1614 2867 quem
1652 2802 1771 2864 pre
1813 2784 2026 2844 ceteris
2060 2781 2275 2866 diliyo,
2310 2788 2377 2844 ut
2407 2781 2495 2844 ad
2522 2781 2782 2844 domum

292 2884 637 2965 propriam
671 2880 889 2945 redeas
918 2880 1121 2966 ibique
1148 2901 1386 2945 mecum
1415 2879 1726 2944 connubia
1750 2881 2078 2965 perficiens
2108 2881 2395 2944 omnibus
2424 2880 2600 2943 bonis
2631 2883 2785 2945 meis

292 2981 688 3064 perfruaris.
716 2980 902 3045 Tunc
929 2999 1156 3045 servus
1184 2979 1304 3044 Dei
1330 2979 1649 3045 diabolica
1679 2980 2078 3046 subiestione
2107 2999 2477 3062 percussuS,
2513 2984 2782 3045 sanctae

304 3082 511 3146 mucis
540 3100 730 3145 arma
756 3080 1195 3163 pro*tendens
1225 3079 1612 3145 exclamavit
1660 3103 1676 3144 :
1716 3079 1907 3159 Vade,
1944 3080 2213 3160 Sathan,
2248 3083 2310 3142 in
2345 3081 2546 3143 locum
2584 3101 2785 3163 pena»

204 3189 268 3239 25
301 3200 451 3243 rum
494 3188 551 3242 et
592 3200 689 3243 me
737 3182 890 3242 sine.
937 3179 1067 3260 Nec
1094 3180 1259 3242 enim
1301 3199 1363 3242 es
1388 3180 1519 3242 veri
1545 3178 1820 3242 hominis
1847 3199 2092 3263 ymayo,
2137 3180 2245 3242 sed
2288 3199 2612 3242 servorum
2656 3178 2783 3243 Dei

303 3278 642 3343 maledicta
672 3299 923 3362 vorayo.
953 3277 1096 3356 Quo
1118 3282 1473 3361 praecepto
1499 3278 1682 3355 inito,
1712 3278 1802 3342 nil
1832 3279 2094 3343 visionis
2137 3279 2402 3361 maligni
2431 3278 2632 3344 oculis
2660 3279 2783 3344 viri

302 3378 422 3443 Dei
450 3378 666 3443 extitit
692 3381 1169 3460 presentatum.

385 3485 452 3542 8.
484 3477 652 3543 Cum
679 3481 904 3542 autem
932 3478 1168 3542 circulo
1197 3477 1510 3559 temporis
1540 3496 1752 3542 annus
1773 3477 2192 3558 professionis
2216 3477 2647 3557 clauderetur,
2678 3477 2778 3543 vir

302 3575 419 3641 Dei
459 3576 772 3641 Albertus
825 3576 1228 3659 professione
1283 3576 1540 3658 ligatur,
1598 3595 1800 3659 quam
1850 3580 2072 3640 mente
2123 3576 2365 3640 fecerat
2417 3577 2634 3658 potius
2692 3577 2780 3641 ab

201 3682 265 3735 30
302 3675 600 3758 ingressu
625 3676 839 3759 primo
868 3680 1136 3740 sanctae
1164 3674 1505 3757 religionis.
1537 3675 1593 3740 Ο
1631 3695 1830 3758 quam
1861 3674 2158 3739 mirabile
2204 3675 2448 3740 factum
2479 3679 2597 3739 est.
2631 3675 2784 3740 Eius

300 3774 668 3840 intellectus
717 3775 938 3840 divina
980 3775 1303 3857 sapientia
1354 3775 1742 3840 intrinsecus
1794 3774 2080 3856 fulgebat
2124 3774 2415 3847 lucidius,
2475 3795 2596 3840 nec
2651 3794 2785 3840 non

302 3875 730 3941 extrinsecus.
783 3874 954 3939 Nam
1005 3894 1269 3957 semper
1318 3875 1386 3939 in
1435 3894 1870 3957 supernorum
1918 3874 2466 3956 contemplatione
2516 3874 2786 3940 mirifice

302 3975 774 4052 delectabatur,
802 3975 1094 4040 moribus
1117 3974 1404 4053 floriduS,
1440 3978 1710 4057 aspectu
1755 3978 1820 4039 et
1862 3978 2049 4056 gestu
2078 3974 2458 4038 mitissimus
2494 3973 2788 4055 pollebat

300 4074 641 4140 universis.
665 4073 1057 4139 Humaniter
1085 4094 1283 4157 super
1311 4093 1541 4139 omnes
1565 4074 1640 4138 fit
1669 4074 1944 4138 decorus
1988 4078 2187 4155 atque
2228 4073 2587 4138 benivolus.
2609 4071 2791 4151 Qua-

201 4182 265 4232 35
303 4177 573 4257 propter
591 4172 887 4238 infideles
910 4178 975 4238 et
995 4173 1282 4256 perfidos
1303 4173 1536 4238 Iudeos
1560 4173 1759 4238 radiis
1784 4193 1899 4237 sue
1923 4173 2384 4255 predicationis
2415 4173 2481 4236 in
2510 4173 2786 4238 Domino

299 4273 655 4349 lucidabat,
699 4292 848 4338 cum
891 4273 1068 4355 ipsos
1117 4293 1274 4356 sepe
1325 4273 1411 4338 ad
1456 4272 1695 4338 Christi
1747 4273 1947 4337 fidem
1999 4273 2410 4337 converterit.
2464 4272 2788 4337 Castitate

300 4390 565 4454 semper
604 4370 817 4448 nituit,
859 4370 1349 4436 obhedientiam
1390 4375 1690 4435 sanctam
1732 4369 2008 4434 firmiter
2053 4370 2432 4452 integreque
2477 4369 2786 4449 servavit,

300 4475 698 4554 paupertate
725 4471 991 4552 spiritus
1020 4471 1089 4535 in
1108 4471 1356 4535 cunctis
1381 4470 2053 4552 fulgebat‚praecipue
2075 4468 2518 4533 misericordia
2546 4469 2786 4548 fruenS,

301 4572 460 4638 dum
488 4571 715 4635 omnia
742 4569 861 4634 Dei
897 4589 1123 4635 amore
1149 4574 1416 4653 recepta
1445 4570 1759 4634 fratribus
1790 4569 2186 4653 pauperibus
2217 4570 2552 4650 erogabat,
2586 4569 2789 4635 etiam

204 4683 268 4738 bo
299 4669 676 4754 personalia
723 4668 1076 4752 largiendo.
1113 4668 1193 4733 Et
1242 4673 1316 4733 ut
1364 4669 1717 4752 perfectius
1762 4672 1827 4732 et
1878 4667 2261 4749 regulariter
2311 4672 2555 4750 ageret,
2611 4668 2786 4734 diem

301 4769 674 4835 naturalem
702 4768 915 4852 primo
937 4768 1004 4832 in
1032 4768 1275 4834 victum
1296 4769 1514 4833 anime
1542 4769 1633 4833 sic
1662 4766 2015 4833 dividebat.
2049 4767 2120 4831 In
2150 4767 2364 4849 prima
2388 4767 2550 4831 hora
2577 4768 2788 4833 noctis

303 4869 710 4935 orationibus
729 4868 1013 4934 vacabat
1044 4888 1250 4951 usque
1277 4867 1366 4933 ad
1395 4868 1659 4933 tertiam
1702 4867 2017 4933 eiusdem.
2061 4866 2218 4931 inde
2263 4867 2481 4949 quiete
2519 4867 2786 4949 aliquali

302 4971 617 5054 percepta
635 4967 1039 5052 pavimento,
1068 4987 1305 5051 corpus
1334 4967 1559 5051 fragile
1592 4967 1929 5044 domabat,
1945 4970 2018 5031 ut
2047 4965 2133 5030 ad
2161 4966 2526 5047 posteriora
2556 4965 2785 5030 fortius

2924 3093 2951 3123 ²⁸¹
2977 3093 3010 3146 f.
3040 3094 3141 3148 16¹.
