3487 5450
1081 567 1507 619 womfflnm
1555 568 2009 621 nAsnnnnsls.
2684 550 2773 622 19

314 757 718 842 interpolato,·
744 755 914 843 quod
932 763 1065 820 tum
1096 756 1246 820 aliis
1273 755 1443 837 locis,
1465 761 1598 819 tum
1626 775 1680 819 v.
1699 776 1760 839 9.
1784 776 1861 819 ex
1901 758 2480 821 commemoratione
2505 756 2574 822 S.
2603 756 2774 823 Eva·

316 858 464 922 risti
481 877 699 942 papae
718 858 831 941 (27
846 858 988 939 oct.)
1016 856 1413 938 intelleyitur,
1435 846 1624 919 cuius
1648 874 1815 938 pars
1847 857 2036 939 prior
2063 876 2136 920 ex
2175 856 2422 921 Adonis
2457 865 2777 942 martyro-

315 955 498 1041 loqio,
518 956 724 1021 altera
745 964 953 1021 autem
997 954 1086 1019 ad
1126 952 1380 1018 verbum
1422 974 1496 1017 ex
1538 953 1805 1033 Adonis,
1849 975 2043 1039 quam
2092 955 2395 1035 diximus,
2434 955 2776 1040 appendice

317 1054 645 1140 desumpta
701 1063 806 1121 est.
860 1055 1183 1140 Ceteroqui
1235 1053 1324 1117 ad
1381 1054 1541 1117 alios
1584 1053 1716 1117 dies
1776 1074 1905 1117 non
1948 1056 2184 1134 omnia,
2239 1075 2399 1140 quae
2454 1055 2776 1139 appendix

312 1154 432 1218 illa
480 1156 550 1218 iu
610 1155 792 1219 editis
840 1154 1281 1238 complectitur,
1323 1154 1547 1236 recepit
1594 1150 2052 1234 Wolflzardus,
2082 1155 2243 1218 sicut
2286 1154 2474 1218 etiam
2525 1154 2776 1219 Adonis

310 1252 627 1319 Libellum
669 1254 751 1318 de
796 1253 1255 1319 festivitatibus
1305 1252 1770 1334 apostolorum,
1833 1253 1942 1336 qui
2001 1252 2448 1337 martyroloqio
2495 1252 2776 1337 praefi-qi

314 1352 481 1434 solet,
504 1354 746 1435 partim
781 1352 1043 1437 quidem*
1060 1353 1213 1416 locis
1240 1354 1376 1415 suis
1404 1352 1722 1435 excerpsit,
1747 1372 1874 1415 uon
1902 1358 2111 1415 tamen
2140 1358 2334 1415 totum
2355 1351 2663 1416 exhausit.

407 1450 709 1530 Quamvis
754 1459 961 1515 autem
1002 1470 1185 1534 saepe
1229 1470 1373 1513 cum
1416 1451 1544 1513 solo
1594 1450 1818 1515 Adone
1868 1452 2188 1513 conveniat
2243 1451 2524 1515 auctoris
2567 1451 2773 1515 nostri

312 1556 534 1633 textus,
562 1550 908 1635 aliquando
937 1556 1145 1613 tamen
1166 1555 1253 1613 est
1274 1570 1390 1612 cur
1417 1549 1654 1613 dubites
1678 1556 1894 1612 utrum
1920 1570 1996 1613 ex
2023 1549 2244 1613 Adone
2268 1570 2357 1613 an
2384 1570 2458 1613 ex
2490 1548 2775 1614 Notkero

313 1647 427 1713 hoc
461 1649 693 1713 illudve
732 1650 1034 1733 acceperit
1078 1647 1517 1730 Wolfhardus,
1564 1669 1703 1711 cum
1760 1647 2076 1713 Notkerus
2118 1648 2364 1713 Adonis
2406 1668 2583 1731 opere
2619 1669 2778 1713 usus

315 1749 396 1812 sit
437 1755 491 1811 et
548 1751 847 1832 maynam
909 1748 1082 1811 illius
1117 1753 1366 1831 partem
1428 1748 1515 1811 ad
1584 1746 1833 1811 verbum
1877 1749 1946 1810 in
1996 1767 2180 1810 suum
2251 1748 2776 1832 martyroloyium

315 1848 733 1912 transtulerit.

414 1992 483 2056 V.
513 1991 601 2056 Et
622 2000 777 2057 certe
802 1992 1089 2057 Norxem
1130 2012 1647 2057 affirmotoemu
1672 2014 1710 2055 a
1753 1991 2131 2074 Wolfhardo
2153 1993 2372 2056 lectum
2397 1999 2503 2056 est.
2525 1993 2775 2077 Aliqui-

314 2094 427 2157 bus
467 2096 631 2159 enz'm
664 2095 729 2157 in
772 2094 922 2158 locis
949 2092 1316 2175 Wolfhardi
1344 2100 1544 2157 textus
1576 2092 1653 2155 ab
1682 2092 1904 2156 Adone
1926 2114 2196 2176 prorsus
2220 2093 2447 2157 recedit
2465 2100 2520 2157 et
2547 2093 2779 2158 Notke-

311 2215 459 2257 rum
490 2194 697 2276 ipsum
727 2214 923 2278 paene
951 2192 1039 2256 ad
1069 2192 1313 2256 verbum
1346 2192 1555 2272 refert,
1582 2198 1650 2255 ut
1672 2191 1761 2256 ad
1792 2193 1853 2256 d.
1881 2194 1965 2257 26
1987 2213 2126 2276 apr.
2161 2195 2226 2255 in
2257 2195 2555 2257 Anacleto
2579 2213 2780 2277 papa,

315 2293 401 2357 ad
428 2292 491 2356 d.
514 2293 599 2356 28
620 2294 754 2356 mai
782 2294 853 2356 in
881 2291 1163 2356 Iohanne
1174 2312 1378 2374 papa,
1400 2291 1490 2355 ad
1510 2291 1570 2355 d.
1592 2292 1676 2354 30
1698 2292 1833 2354 mai
1860 2293 1932 2354 in
1954 2290 2159 2355 Felice
2189 2311 2391 2376 papa.
2421 2291 2627 2355 Haud
2670 2292 2782 2358 abs

317 2391 382 2456 r'e
407 2393 527 2456 erit
568 2412 766 2455 unum
810 2412 885 2455 ex
925 2390 1023 2455 his
1053 2392 1203 2455 locis
1233 2393 1544 2475 inteqrum
1581 2411 1945 2474 proponere.
1966 2390 2073 2455 Ita
2093 2411 2312 2474 nempe
2332 2390 2421 2454 ad
2443 2391 2506 2455 d.
2530 2392 2613 2455 26
2635 2412 2776 2475 apr.

529 2550 673 2614 Ano
1180 2547 1622 2613 Wotrufflnus
2196 2547 2258 2613 N
2258 2568 2532 2614 ornans
2655 2549 2658 2552 ’

396 2648 651 2713 Romae
678 2652 867 2713 nata-
1031 2646 1379 2712 Successor
1448 2647 1625 2712 beati
1690 2667 1849 2730 apo-
2011 2647 2300 2713 Romae
2396 2648 2780 2714 nativitas

311 2747 387 2812 lis
437 2749 645 2813 sancti
688 2749 869 2812 Ana-
951 2746 1096 2812 stoli
1153 2746 1475 2812 secundus
1532 2747 1727 2825 Petri,
1778 2751 1852 2811 ut
1935 2746 2001 2812 S.
2052 2747 2369 2824 Anacleti‚
2419 2747 2528 2830 qui
2579 2747 2634 2812 11
2683 2750 2780 2831 (1)

314 2845 460 2910 cleti
487 2864 723 2928 papae,
755 2846 864 2927 qui
949 2843 1259 2909 canonica
1314 2844 1514 2908 refert
1562 2845 1850 2921 historia,
1935 2849 2086 2926 post
2154 2844 2226 2908 B.
2289 2844 2558 2909 Petrum
2628 2865 2780 2909 cum

312 2944 636 3009 secundus
714 2946 865 3026 post
947 2947 1210 3007 sanctus
1294 2943 1645 3008 Anacletus
1730 2943 1851 3008 fuit
1934 2943 2272 3008 ecclesiam
2293 2944 2567 3008 rexisset
2589 2945 2779 3008 annis

310 3044 642 3108 beatum
724 3043 867 3106 Pe·
953 3041 1847 3124 episcopus.QuicumRoma·
1929 3042 2292 3120 duodecim,
2328 3044 2779 3124 persecutione

314 3142 871 3219 trum‚cumrexis·
953 3160 1110 3204 nam
1173 3140 1511 3204 ecclesiam
1571 3139 1847 3205 rexisset
1931 3140 2349 3205 Domitiani
2407 3142 2776 3223 martyrio

311 3245 411 3306 set
532 3240 871 3305 ecclesiam
954 3259 1160 3304 annos
1179 3239 1847 3321 duodecumpersecu-
1930 3244 2276 3305 coronatus
2337 3243 2435 3304 est
2493 3240 2603 3324 (2).
2655 3240 2777 3306 Hic

310 3340 499 3405 annis
624 3339 870 3405 duode-
949 3339 1125 3403 tione
1159 3337 1508 3402 Domitiani
1536 3339 1849 3421 martyrio
1932 3339 2379 3403 memoriam
2449 3339 2521 3402 B.
2598 3340 2775 3404 Petri

310 3439 467 3518 cim,
564 3457 868 3521 persecu·
953 3441 1298 3502 coronatus
1377 3440 1475 3501 est
1546 3438 1654 3518 (2).
1726 3436 1848 3502 Hic
1931 3439 2291 3502 construxit
2369 3442 2435 3502 et
2510 3458 2776 3521 compo—

305 3539 485 3603 tione
510 3537 864 3603 Domitiani
947 3536 1331 3600 memoriam
1416 3536 1591 3600 beati
1666 3535 1842 3600 Petri
1926 3537 2054 3601 suit
2113 3536 2256 3601 loca
2317 3537 2430 3601 ubi
2489 3538 2773 3620 episcopi

305 3638 624 3721 martyrio
682 3655 863 3701 coro·
950 3635 1325 3713 construxit,
1370 3638 1435 3698 et
1484 3635 1848 3717 composuit
1911 3635 2437 3701 reconderentur
2486 3636 2599 3719 (3).
2650 3636 2774 3702 Hic

303 3742 500 3803 natus
532 3739 634 3801 est
668 3735 779 3819 (2).
945 3734 1087 3798 loca
1108 3734 1221 3797 ubi
1245 3734 1527 3816 episcopi
1542 3733 1850 3798 reconde-
1928 3735 2274 3816 presbyter
2296 3755 2336 3800 a
2358 3735 2429 3799 B.
2453 3735 2648 3800 Petro
2673 3740 2773 3800 est

941 3837 1164 3897 rentur
1212 3833 1325 3915 (3).
1374 3832 1497 3911 Qui
1554 3833 1753 3896 etiam
1803 3852 1844 3897 a
1926 3833 2281 3898 ordinatus.
2310 3833 2435 3899 Hic
2464 3834 2549 3899 ad
2575 3835 2774 3900 sacri-

941 3933 1136 3996 beato
1165 3932 1359 3995 Petro
1385 3935 1484 3996 est
1512 3931 1834 4014 presbiter
1917 3932 2246 3997 ficandum
2289 3933 2473 3997 idolis
2518 3933 2769 4012 ductus,

933 4031 1288 4095 ordinatus.
1327 4031 1447 4094 Hic
1490 4050 1641 4113 ergo
1685 4050 1835 4095 cum
1917 4031 2328 4109 sacrificavit;
2353 4032 2587 4097 deinde
2610 4053 2773 4115 pae-

944 4130 1030 4195 ad
1072 4129 1565 4194 sacrificandum
1617 4129 1848 4195 ductus
1931 4131 2205 4196 nitentia
2300 4131 2560 4209 ductuS‚
2653 4152 2771 4214 pro

943 4234 1132 4307 esset,
1150 4233 1213 4293 et
1236 4229 1680 4307 sacrificasset,
1692 4248 1848 4311 poe-
1930 4229 2334 4295 confessione
2375 4249 2572 4295 verae
2621 4231 2774 4295 fidei

935 4329 1211 4392 nitentia
1235 4329 1485 4405 ductus,
1502 4347 1842 4392 resumens
1926 4329 2139 4411 capite
2163 4332 2499 4394 truncatus
2531 4334 2629 4394 est
2659 4330 2771 4412 (4).

944 4427 1143 4492 fidem
1157 4427 1561 4504 catholicam,
1570 4446 1691 4510 pro
1705 4427 1850 4510 ipso

942 4527 1154 4608 capite
1182 4526 1411 4608 plexus
1442 4529 1542 4590 est
1565 4527 1678 4609 (4).

368 4676 442 4744 (1)
476 4676 561 4730 Ita
583 4673 792 4742 scripsi.
816 4674 955 4728 Edit.
976 4676 1204 4728 duobus.
1229 4702 1296 4713 —
1318 4674 1392 4741 (2)
1426 4674 1576 4728 Haec
1613 4674 1673 4728 in
1707 4674 1881 4730 Libro
1894 4677 2203 4744 pontificali
2228 4689 2344 4728 non
2383 4674 2450 4728 de
2485 4674 2773 4738 Anacleto,

304 4760 402 4814 sed
436 4758 505 4812 de
524 4757 685 4812 Cleto
725 4755 868 4810 dicta
888 4761 1049 4820 sunt;
1073 4756 1140 4810 ct.
1163 4756 1250 4810 ed.
1274 4756 1561 4822 Damasus,
1584 4761 1623 4812 t.
1647 4756 1687 4821 1,
1709 4772 1798 4825 pp.
1826 4758 1921 4811 122
1937 4761 1995 4810 et
2013 4758 2122 4811 125.
2143 4786 2211 4797 —
2228 4757 2304 4822 (3)
2327 4756 2475 4810 Haec
2491 4755 2550 4809 in
2572 4758 2770 4811 eodem

310 4843 485 4896 Libro
507 4841 580 4895 de
602 4838 876 4895 Anaeleto
914 4839 1101 4908 utique
1136 4838 1281 4893 dicta
1303 4843 1456 4905 sunt3
1493 4839 1561 4894 οἱ.
1598 4839 1748 4904 ibid„
1780 4855 1834 4908 p.
1858 4840 1969 4894 125.
1990 4869 2057 4880 —
2078 4839 2155 4906 (4)
2187 4839 2336 4893 Haec
2372 4838 2432 4893 in
2469 4839 2664 4894 eodem
2703 4839 2772 4892 de

300 4923 621 4979 Harcellino
644 4936 790 4990 papa
804 4921 998 4976 tradita
1018 4924 1179 4985 sunt;
1199 4921 1267 4976 cf.
1284 4921 1429 4987 ibid„
1456 4937 1508 4989 p.
1535 4922 1645 4976 162
2581 4915 2586 4918 ’
