3487 5450
1218 640 1567 694 aprunum
1617 641 1765 694 xix.
2591 624 2730 698 193

264 830 495 897 Postea
513 850 671 897 vero
701 829 1034 897 diabolicis
1056 828 1393 895 fraudibus
1413 829 1930 913 surripientibus,
1954 851 2076 915 per
2096 832 2426 915 quendam
2454 834 2731 918 presby-

266 933 472 996 terum
516 930 817 1016 partibus
865 929 1039 995 Arrii
1100 928 1429 995 faventem
1485 930 1719 996 eadem
1773 930 2064 997 haeresis
2121 932 2357 998 acriter
2409 933 2730 1016 pullulare

264 1028 486 1111 coepit.
517 1029 709 1108 Quod
740 1027 893 1113 quia
918 1027 1183 1110 longum
1206 1032 1306 1092 est
1334 1026 1401 1092 in
1427 1031 1568 1092 tam
1589 1028 1772 1093 brevi
1800 1028 2114 1112 opusculo
2143 1029 2462 1113 replicari,
2485 1031 2730 1097 omitti—

262 1148 402 1194 mus
430 1133 631 1212 atque
657 1127 746 1194 ad
784 1127 872 1207 id,
900 1130 1172 1211 propter
1199 1126 1377 1211 quod
1415 1126 1740 1193 rationem
1778 1127 1992 1211 ipsam
2034 1147 2342 1197 enarrare
2369 1130 2725 1213 coepimus,

194 1246 225 1294 5
255 1227 460 1294 redire
482 1247 815 1295 conamur.
844 1226 915 1293 Si
944 1227 1089 1310 quis
1118 1231 1345 1292 tamen
1372 1225 1455 1292 de
1499 1227 1625 1292 hoc
1666 1225 1920 1310 plenius
1948 1247 2144 1294 nosse
2174 1229 2524 1309 desiderat,
2554 1230 2729 1296 deci·

260 1347 437 1393 mum
460 1327 933 1395 ecclesiasticae
961 1326 1271 1391 historiae
1290 1325 1529 1392 librum
1556 1346 1938 1410 percurrere
1967 1331 2249 1411 satagat.

338 1435 401 1493 3.
431 1427 632 1510 Igitur
649 1430 802 1510 post
831 1445 1172 1492 excessum
1201 1424 1611 1492 Constantini
1631 1427 1910 1510 Augusti
1933 1446 2082 1493 cum
2112 1427 2258 1494 filiis
2281 1428 2483 1511 ipsius
2504 1448 2729 1495 rerum

257 1526 617 1591 summam¹
662 1524 1073 1591 tradiderunt
1088 1524 1133 1604 ²,
1168 1527 1348 1590 secta
1396 1524 1794 1608 turpissima,
1840 1525 2085 1608 quam⁸
2125 1545 2326 1611 supra
2364 1527 2730 1593 nominavi-

255 1644 417 1704 mus,
439 1624 691 1690 semine
717 1624 982 1707 vipereo
1011 1622 1200 1707 quasi
1220 1623 1303 1688 de
1324 1622 1546 1689 inferis
1568 1628 1769 1706 caput
1797 1624 2132 1704 extollenS,
2156 1625 2390 1693 faciem
2412 1626 2724 1693 ecclesiae

154 1740 220 1792 ιο
254 1723 443 1789 foeda
485 1723 844 1791 colluvione
886 1722 1255 1788 maculavit.
1286 1721 1583 1806 Cumque
1609 1725 1762 1807 post
1789 1723 2016 1803 multa,
2046 1744 2217 1808 quae
2244 1725 2545 1808 replicari
2571 1746 2724 1809 per·

251 1822 514 1905 longum
543 1825 664 1897 est,
698 1821 928 1887 Arrius
957 1819 1040 1885 de
1082 1818 1306 1885 exsilio
1335 1824 1679 1886 revocatus
1713 1821 1893 1904 apud
1921 1820 2554 1907 Constantinopolim
2585 1827 2728 1889 tur-

249 1921 520 2005 pissima
549 1924 763 1986 morte
803 1919 1104 2003 spiritum
1147 1918 1506 1997 exhalaret,
1539 1919 1958 1986 nihilominus
2000 1920 2226 2006 iniqua
2263 1923 2528 1988 cottidie
2570 1943 2727 1989 con-

249 2020 661 2086 valescente⁴
706 2024 904 2099 secta,
947 2019 1135 2085 multi
1177 2022 1555 2085 sanctorum
1583 2020 1809 2085 exsilio
1852 2021 2016 2086 trusi
2052 2025 2223 2086 sunt.
2253 2021 2398 2100 Quo
2423 2026 2726 2107 tempore

247 2120 450 2185 etiam
490 2119 785 2185 Liberius
813 2139 991 2203 papa
1017 2118 1199 2184 urbis
1227 2118 1501 2199 Romae,
1532 2118 1832 2202 quamvis
1860 2124 2116 2186 mature
2144 2120 2328 2188 iussu
2354 2121 2727 2206 principum

149 2237 209 2286 «a
244 2222 613 2298 revocatus
657 2223 881 2285 tamen
925 2217 1149 2283 exsilio
1193 2223 1293 2283 est
1322 2217 1621 2283 traditus.
1665 2218 1746 2283 Et
1775 2219 1930 2302 quia
1965 2219 2141 2285 idem
2169 2220 2270 2285 vir
2311 2222 2727 2304 apostolicus,

242 2319 381 2385 Deo
421 2319 729 2402 propitiO,
771 2318 840 2383 in
879 2317 1033 2383 fidei
1081 2316 1392 2383 firmitate
1440 2317 1897 2383 stabilissimo⁶
1945 2319 2234 2385 constitit
2277 2320 2728 2402 fimdamento,

240 2418 659 2497 sententiam,
690 2438 892 2502 quam
919 2417 1116 2483 Petro
1146 2417 1442 2501 apostolo
1485 2416 1782 2483 Christus
1823 2419 2237 2501 promiserat,
2266 2420 2335 2485 in
2375 2419 2482 2485 illo
2518 2420 2730 2487 credi-

238 2537 388 2583 mus
417 2519 837 2584 roboratam:
862 2517 1021 2581 Ecce
1040 2524 1310 2581 satanas
1330 2518 1618 2601 expetivit
1638 2537 1758 2599 vos,
1786 2525 1858 2581 ut
1879 2517 2182 2583 cribraret
2205 2519 2402 2583 sicut⁶
2421 2520 2725 2584 triticum.

238 2616 379 2702 Eyo
408 2626 622 2683 autem
640 2637 769 2703 pro
791 2624 847 2681 te
873 2617 1115 2701 royam',
1143 2622 1213 2679 ut
1241 2636 1370 2681 non
1397 2614 1646 2699 deficiat
1670 2614 1830 2699 fides
1857 2623 1970 2680 tua
1978 2640 2007 2699 ;
2028 2624 2084 2682 et
2110 2624 2180 2682 tu
2207 2618 2560 2704 aliquando
2583 2639 2729 2684 con-

142 2739 200 2790 20
236 2738 456 2782 versus
477 2716 787 2801 confirma
806 2717 1052 2800 fratres
1080 2722 1240 2781 tuos.

315 2826 389 2882 4.
412 2817 512 2883 Ea
532 2817 726 2899 igitur
740 2818 764 2856 ¹
782 2819 1197 2900 tempestate,
1215 2834 1348 2898 qua
1370 2815 1725 2882 diabolicus
1748 2816 1944 2881 turbo
1963 2820 2105 2881 tam
2119 2816 2312 2883 foeda
2333 2819 2720 2902 contagione

231 2918 590 2983 maculavit
617 2916 977 2994 ecclesiam,
1009 2917 1188 2982 iussu
1214 2915 1580 2998 principum
1610 2916 1813 2981 etiam
1839 2916 2274 2982 occidentales
2317 2917 2604 3001 episcopi
2632 2920 2722 2986 ad

232 3016 733 3082 consensionem
772 3016 1095 3081 Arrianae
1122 3014 1470 3080 haereseos
1514 3014 1770 3096 fatigari
1800 3017 2157 3096 coeperunt
2202 3018 2404 3098 atque
2443 3020 2719 3099 propter

229 3115 354 3181 hoc
374 3114 558 3199 apud
585 3114 1025 3180 Mediolanum
1054 3113 1507 3196 episcoporum
1534 3112 1877 3178 concilium
1898 3117 2344 3196 congregatur,
2365 3114 2720 3200 pluresque

138 3231 200 3282 25
230 3216 466 3280 eadem
492 3214 772 3298 perfidia
814 3214 1072 3296 decepti
1099 3216 1285 3278 sunt.
1317 3212 1679 3296 Dionysius,
1703 3212 2041 3291 EusebiuS,
2071 3211 2402 3292 Paulinus,
2447 3214 2719 3282 Rhoda·

231 3334 356 3379 nus
384 3319 451 3380 et
468 3317 490 3353 ¹
518 3313 793 3392 Lucifer,
815 3312 1034 3377 dolum
1068 3331 1212 3378 esse
1240 3311 1309 3376 in
1326 3311 1586 3394 negotio
1613 3311 2116 3394 proclamantes,
2138 3312 2208 3377 in
2232 3312 2529 3378 exsilium
2551 3314 2719 3380 trusi

231 3419 401 3479 sunt.
432 3414 554 3479 His
585 3413 787 3478 etiam
813 3411 1070 3476 iunctus
1100 3415 1202 3476 est
1230 3409 1532 3476 Hilarius.
1561 3411 1612 3475 Ε
1644 3411 1879 3494 quibus
1902 3410 2250 3494 Dionysius
2274 3411 2719 3479 Mediolanen-

231 3513 323 3577 sis
364 3514 708 3595 episcopus
754 3510 974 3575 nimiis
1031 3510 1390 3575 admodum
1436 3509 1743 3593 fatigatus
1787 3509 2054 3587 iniuriis,
2095 3509 2396 3576 lictorum
2440 3511 2715 3578 demum

233 3612 535 3677 manibus
562 3611 867 3688 traditus,
897 3609 964 3675 in
992 3609 1398 3693 provinciam
1443 3609 1828 3674 Armeniam
1859 3613 1960 3674 est
2001 3609 2340 3689 deductus,
2384 3611 2603 3694 ibique
2644 3613 2713 3677 in

137 3722 200 3774 ao
234 3710 493 3776 civitate
512 3710 824 3795 quadam,
843 3729 1014 3793 quae
1033 3708 1296 3773 Reditio
1315 3711 1750 3791 nuncupatur,
1763 3707 2089 3792 relegatus
2111 3711 2230 3774 est.
2247 3708 2535 3792 Contigit
2551 3730 2714 3779 vero

238 3809 327 3873 ad
367 3830 674 3894 magnam
716 3809 957 3875 Christi
999 3807 1272 3891 gloriam
1322 3807 1553 3873 eodem
1595 3807 1662 3872 in
1703 3810 2000 3890 tempore
2045 3808 2317 3872 beatum
2367 3809 2713 3877 Aurelium

239 3909 649 3993 episcopatus
696 3909 911 3974 officio
953 3907 1232 3973 eandem
1275 3906 1614 3972 ecclesiam
1669 3909 1935 3971 strenue
1982 3907 2386 3989 gubernasse
2416 3908 2526 3992 (1),
2580 3929 2711 3993 quo

239 4007 502 4075 beatum
529 4008 915 4092 Dionysium
954 4007 1041 4072 ob
1084 4006 1530 4071 defensionem
1575 4004 1933 4070 catholicae
1981 4004 2136 4070 fidei
2176 4005 2452 4072 firmiter
2501 4009 2714 4074 consi-

242 4110 517 4174 stentem
556 4108 657 4173 vis
698 4107 956 4173 fervida
995 4105 1274 4189 propriis
1304 4125 1342 4171 e
1371 4105 1634 4170 sedibus
1665 4104 1845 4169 iussu
1865 4097 2117 4187 pepulit
2156 4104 2525 4188 principum
2561 4107 2710 4173 fini·

138 4221 206 4273 3³
241 4204 488 4290 busque
508 4206 864 4274 Armeniae
891 4205 1264 4289 provinciae
1293 4204 1540 4270 civibus
1561 4203 1786 4288 oppidi
1811 4202 2092 4286 praefati
2120 4204 2482 4287 relegatum
2508 4225 2713 4290 copu-

246 4301 415 4369 lavit.

318 4528 373 4580 3.
409 4556 468 4568 -
504 4531 523 4564 ¹
546 4544 769 4584 summa
808 4529 886 4582 M.
907 4555 975 4567 -
1010 4527 1033 4561 ²
1057 4526 1328 4588 tradiders¹
1352 4532 1414 4580 nt
1449 4527 1532 4593 H,·
1565 4524 1806 4580 tradidef
1838 4526 1927 4591 L,·
1960 4526 2264 4581 traderetur
2296 4529 2375 4582 Μ.
2396 4555 2463 4567 ·—
2499 4529 2523 4563 ³
2554 4531 2703 4599 quod

250 4607 327 4670 1.,·
351 4627 403 4661 ut
434 4614 554 4666 add.
594 4613 645 4665 L
672 4629 796 4681 sup.
836 4613 934 4665 lin.
969 4638 1037 4650 —
1068 4612 1093 4645 ⁴
1126 4609 1496 4663 invalescente
1520 4609 1585 4662 L.
1618 4636 1686 4648 —
1706 4607 1730 4643 ⁶
1762 4607 2112 4662 stabilissima
2146 4609 2219 4664 H.
2243 4636 2309 4649 —
2332 4610 2357 4645 ⁸
2377 4612 2532 4679 quasi
2555 4612 2704 4666 LM.

319 4694 377 4747 4.
392 4722 453 4734 -
475 4697 613 4750 lom.
637 4696 706 4749 L.

324 4921 391 4989 (1)
419 4923 564 4979 Sedis
594 4939 802 4979 nomen
828 4922 986 4977 valde
1009 4921 1279 4977 incertum
1304 4925 1402 4976 est.
1426 4920 1503 4976 cf.
1538 4923 1656 4976 Act.
1679 4920 1796 4986 SS„
1817 4919 1923 4974 Mai
1955 4924 1993 4975 t.
2017 4919 2108 4985 VI,
2130 4937 2283 4978 num.
2310 4924 2394 4987 112
2420 4923 2498 4977 Lx
2521 4925 2701 4992 Qum«,

262 5000 443 5061 Oriens
456 5008 808 5070 christianus,
843 5008 882 5061 h
900 5005 940 5070 1,
964 5018 1016 5070 p.
1039 5005 1155 5060 451.

501 5108 1056 5170 wemmam
2377 5102 2440 5156 13
