3487 5450
739 527 879 599 140
1288 546 1375 597 m:
1427 545 1668 599 MAGNO
1719 545 2166 597 messmam
2218 545 2634 596 AnsTmACO.

724 732 1086 817 praecipis?
1106 735 1240 798 Aut
1259 731 1566 818 quomodo
1595 734 1803 797 virum
1838 732 2175 818 leprosum,
2205 734 2310 796 cui
2338 732 2586 796 alienus
2604 731 2862 816 praebet
2887 753 3203 818 eqressum

729 834 1019 912 incessus,
1042 834 1276 897 umeris
1304 832 1619 912 extollam,
1651 839 1764 895 aut
1786 832 2058 917 qualiter
2090 832 2371 896 inediam
2396 834 2630 897 ventris
2657 832 2793 896 eius
2815 832 2995 914 foliis
3016 832 3207 898 arbo-

727 952 873 995 rum
886 938 999 995 aut
1009 931 1348 995 herbarum
1375 931 1699 996 radicibus
1728 931 1973 1014 reficere
1996 930 2321 1014 sufficiam
2338 931 2371 994 ,2
2394 931 2499 996 Ad
2522 932 2688 997 haec
2708 936 2899 1015 pater
2923 933 3207 999 Albinus

725 1031 880 1096 ajt¹⁶
920 1053 943 1095 .·
973 1029 1388 1117 Nequaquam
1409 1032 1476 1110 ¹⁷,
1503 1031 1602 1113 fili
1618 1031 1681 1111 ¹⁸,
1717 1030 1796 1095 cle
1836 1030 2104 1095 bonitate
2149 1030 2471 1094 Creator-is
2496 1030 2858 1114 diffidas¹⁹‚
2887 1032 2997 1097 sed
3028 1033 3207 1098 cade.

734 1130 1043 1195 Dominus
1068 1139 1300 1211 tecum;
1337 1130 1451 1194 tibi
1490 1130 1654 1194 nihil
1692 1130 1996 1210 arduum,
2039 1129 2198 1193 nihil
2240 1132 2503 1212 invium,
2521 1132 2916 1215 propitiante
2962 1130 3094 1197 Deo
3127 1134 3204 1214 ⁸⁰,
3248 1154 3280 1204 ο

729 1233 795 1293 in
823 1232 1002 1294 cuius
1024 1231 1218 1294 oculis
1238 1230 1521 1315 qratiam
1553 1232 1865 1311 invenisti,
1894 1229 2103 1294 oberit.

809 1337 886 1394 4.
932 1329 1089 1395 His¹
1119 1329 1378 1408 auditiS,
1407 1329 1706 1395 caelebs²
1735 1328 1974 1394 Christi
2019 1329 2268 1395 athleta
2298 1329 2693 1395 Mochulleus
2716 1330 2782 1394 in
2803 1331 3110 1397 omnibus
3140 1336 3209 1397 et

729 1449 848 1513 per
899 1429 1120 1495 omnia
1178 1429 1408 1494 illustri
1464 1449 1584 1495 suo
1655 1428 1896 1494 seniori
1967 1428 2204 1494 Albino
2276 1429 2540 1495 debitae
2611 1430 3028 1496 subiectionis
3099 1431 3210 1496 et⁸

728 1529 1176 1595 oboedientiae
1216 1530 1603 1613 obsequium
1644 1528 2032 1612 quantocius
2078 1529 2411 1607 exhibens,
2452 1534 2793 1612 assumpto
2833 1530 2958 1595 sibi
3001 1532 3207 1596 fratre

728 1628 1003 1707 infirmo,
1049 1629 1198 1694 licet
1239 1633 1423 1694 tactu
1466 1633 1532 1693 et
1584 1632 1855 1711 aspectu
1907 1628 2356 1693 formidandus
2388 1628 2728 1707 exstiterit,
2757 1649 2988 1695 versus
3035 1630 3208 1696 haec
3246 1651 3305 1702 «o

726 1729 935 1811 gena*
988 1732 1328 1807 montana,
1390 1748 1566 1812 quae
1623 1727 2025 1811 aquilonales
2080 1728 2435 1793 Hiberniae
2487 1728 2763 1812 populos
2821 1729 2908 1794 ab
2979 1734 3208 1795 austro

729 1831 1161 1912 sequestrant,
1201 1828 1520 1893 universis
1563 1827 1872 1892 fratribus
1918 1826 2329 1904 valefaciens,
2360 1827 2724 1894 solitudinis
2752 1828 2876 1893 iter
2904 1829 3206 1912 arripuit.

731 1928 1026 2011 Cumque
1052 1926 1224 1992 inter
1264 1927 1552 1992 medium
1585 1927 1908 1992 montium
1937 1927 2081 1992 loca
2109 1926 2312 2003 arida,
2343 1927 2520 1992 invia
2549 1930 2615 1992 et
2644 1927 2965 2010 inaquosa
2991 1932 3211 1994 trans-

730 2027 872 2105 iret,
919 2027 1291 2109 praedictus
1331 2025 1529 2091 homo
1579 2026 1998 2109 aegerrimuS,
2030 2031 2171 2091 tum
2219 2026 2469 2109 proprii
2517 2026 2844 2109 languoris
2915 2046 2994 2093 ac
3064 2028 3209 2093 sitis

730 2126 997 2192 uredine
1044 2144 1416 2210 oppressus,
1466 2129 1607 2191 tum
1655 2125 1920 2191 aestivis
1970 2124 2314 2190 ardoribus
2373 2124 2525 2191 solis
2584 2126 2942 2192 exhaustus
2955 2128 3001 2205 ⁸,
3031 2146 3211 2194 nunc
3249 2145 3312 2196 ω

733 2225 974 2291 amaris
1000 2225 1281 2305 fletibus,
1308 2244 1483 2290 nunc
1518 2225 1775 2290 blandis
1814 2226 2119 2308 precibus
2154 2228 2460 2290 sanctum
2494 2225 2947 2305 Mochulleum,
2986 2230 3059 2292 ut
3097 2227 3213 2292 fri—

730 2325 919 2408 gidae
959 2324 1225 2390 calicem
1278 2343 1511 2408 aquae,
1557 2344 1685 2408 quo
1747 2324 2142 2402 reficeretur,
2185 2344 2226 2389 a
2268 2323 2548 2402 Domino
2612 2325 2736 2390 sibi
2797 2327 3211 2409 impetraret,

731 2425 963 2490 oravit.
1051 2424 1153 2490 Ob
1230 2424 1356 2489 hoc
1435 2425 1532 2488 vir
1596 2424 1830 2489 heatus
1901 2423 2296 2489 Mochulleus
2367 2424 2545 2489 filiali
2591 2425 2838 2508 pietate
2888 2428 2955 2490 et
3002 2426 3214 2492 visce-

734 2526 913 2590 ribus
959 2524 1438 2589 misericordiae
1486 2543 1685 2607 super
1759 2527 2098 2607 aegrotum
2156 2528 2541 2602 commotuS,
2603 2524 2787 2589 flexis
2842 2525 2911 2589 in
2957 2529 3212 2591 terram

733 2624 1003 2706 genibus
1053 2642 1132 2688 ac
1178 2623 1247 2688 in
1294 2622 1547 2695 caelum
1605 2623 1836 2688 erectis
1885 2622 2256 2701 luminibuS,
2309 2623 2395 2688 ad
2446 2623 2798 2688 Dominum
2839 2624 3212 2691 vociferans
3248 2646 3315 2699 ιο

734 2723 935 2790 dixit:
959 2721 1329 2788 Fortissime
1351 2724 1678 2788 universae
1698 2724 1916 2787 carnis
1945 2721 2119 2788 Deus
2140 2723 2510 2807 spirituum,
2532 2725 2644 2810 qui
2670 2743 2844 2788 servo
2866 2730 2974 2788 tuo
2998 2722 3222 2810 Moysi

736 2843 939 2908 aquas
958 2823 1034 2887 de
1059 2843 1217 2888 saxo
1245 2823 1473 2887 eremi⁶
1503 2830 1789 2907 potenter
1831 2825 2124 2906 eroyasti,
2153 2821 2311 2886 mihi
2338 2825 2528 2886 etiam
2565 2823 2812 2888 servulo
2838 2823 3057 2888 inutili
3075 2824 3221 2889 licet

736 2930 792 2986 et
826 2923 1221 3006 infructuoso
1263 2942 1469 3007 aquae
1516 2922 1858 3003 tantillum,
1914 2942 2035 3007 quo
2082 2920 2272 2986 huius
2321 2922 2567 3004 infirmi
2611 2922 2936 2987 iiior-ientis
2984 2925 3220 2988 restin-

731 3023 957 3107 φωνεῖ
984 3023 1156 3086 sitim
1196 3022 1461 3102 valeam,
1501 3021 1578 3085 de
1610 3023 1893 3085 arenosis
1923 3028 2129 3085 terrae
2169 3020 2505 3085 visceribus
2547 3022 2757 3085 elicere
2799 3021 3099 3105 diqneris.
3128 3023 3219 3089 Et

735 3139 900 3196 ecce,
942 3124 1196 3186 semota
1237 3121 1412 3185 omni
1453 3119 1907 3197 haesitatione,
1940 3119 2057 3184 viri
2084 3118 2294 3184 sancti
2325 3117 2699 3202 deprecatio
2738 3119 2998 3186 divinae
3024 3121 3221 3187 boni-
3256 3142 3322 3194 ιο

734 3221 888 3286 tatis
929 3239 1121 3285 aures
1167 3239 1489 3297 reserans,
1538 3219 1718 3284 unda
1755 3218 2117 3283 scaturiens
2162 3217 2244 3283 de
2295 3219 2543 3301 gremio
2584 3222 2801 3284 terrae
2840 3219 2910 3284 in
2956 3210 3220 3287 morem

734 3319 1016 3385 fluminis
1059 3318 1426 3385 ebulliendo
1468 3318 1823 3384 emanavit.
1857 3317 2003 3396 Qua
2040 3319 2334 3396 recreati,
2382 3337 2512 3401 qua
2554 3318 2770 3383 intus⁸
2812 3323 2882 3383 et
2921 3319 3218 3386 exterius

733 3418 1113 3501 refrigerati,
1132 3423 1283 3501 post
1310 3417 1670 3500 gratiarum
1700 3417 1991 3482 actiones
2021 3417 2106 3481 ad
2128 3416 2438 3482 ulteriora
2458 3417 2949 3501 progredientes
2969 3418 3218 3486 iterum

736 3522 934 3602 atque
964 3518 1199 3583 iterum
1225 3537 1358 3583 una
1388 3517 1752 3600 eademque
1793 3517 1896 3582 die
1941 3517 2182 3581 sitienti
2214 3516 2471 3582 infirmo
2507 3516 2810 3600 precibus
2840 3536 2919 3583 ac
2956 3519 3218 3586 meritis

736 3619 943 3683 sancti
971 3616 1308 3682 Mochullei
1337 3617 1555 3682 divina
1584 3615 1929 3682 clementia
1972 3614 2216 3699 gelidos
2253 3616 2464 3681 fontes
2493 3616 2574 3682 de
2603 3616 2856 3682 saxosis
2887 3619 3221 3686 montium
3255 3639 3324 3693 ³⁰

735 3718 1046 3784 lateribus
1094 3715 1592 3782 misericorditer
1645 3715 2040 3799 propinavit.
2083 3714 2209 3793 Qui
2255 3715 2449 3780 trini⁹
2496 3716 2709 3781 fontes
2756 3735 2878 3799 per
2932 3717 3217 3785 declivia

738 3816 1123 3883 convallium
1172 3815 1402 3880 divinis
1452 3815 1716 3880 nutibus
1779 3815 1848 3879 in
1890 3813 2297 3880 collectiones
2356 3819 2422 3880 et
2483 3814 2551 3879 in
2593 3819 2827 3898 stagna
2883 3835 3217 3899 aquarum

736 3917 966 3999 iugiter
986 3916 1037 3954 ¹⁰
1064 3915 1480 3980 decurrentes
1523 3934 1730 3997 usque
1770 3914 1838 3978 in
1874 3917 2289 3997 praesentem
2334 3913 2510 3978 diem
2526 3915 2575 3952 ¹¹
2617 3913 2827 3979 sancti
2867 3913 3220 3982 Mochullei

738 4017 824 4081 ab
851 4014 1165 4098 indigenis
1196 4014 1436 4084 ibidem
1465 4012 2020 4079 commorantibus
2051 4012 2172 4078 laci
2203 4017 2682 4096 nuncupantur.

823 4122 894 4181 5.
935 4115 1286 4180 Praeterea
1333 4114 1488 4179 dum
1538 4114 1606 4178 in
1641 4112 1873 4178 mediis
1917 4112 2190 4177 saltibus
2232 4131 2421 4178 secus
2471 4112 2718 4177 fluenta
2748 4113 2950 4178 eremi
2993 4114 3221 4182 locum
3257 4136 3326 4189 3³

737 4214 1003 4282 cellulae
1029 4214 1368 4297 diligenter
1394 4213 1699 4279 idoneum
1735 4212 2173 4296 exquirerent,
2207 4213 2298 4277 eis
2330 4232 2412 4277 ex
2441 4212 2717 4277 adverso
2761 4231 2957 4277 cerva
2986 4233 3224 4281 occur-

739 4316 820 4381 rit
841 4317 882 4392 ¹,
911 4334 1081 4399 quae
1109 4333 1227 4380 ceu
1249 4313 1490 4379 animal
1530 4312 2128 4379 mansuetissimum
2155 4311 2425 4394 plausus
2452 4312 2594 4395 pati
2621 4316 2821 4395 atque
2848 4312 2971 4377 viri
2999 4317 3219 4381 sancti

739 4544 807 4555 —
841 4516 888 4551 ¹⁸
908 4533 1011 4570 om.
1046 4514 1194 4570 ΑΜ.
1216 4541 1283 4553 -
1317 4513 1363 4548 ¹²
1384 4513 1521 4568 dixit
1540 4514 1668 4568 add.
1704 4511 1857 4568 AM.
1879 4539 1948 4553 —
1981 4512 2029 4546 ¹⁸
2051 4511 2127 4566 mi
2164 4513 2293 4566 add.
2327 4510 2480 4566 AM.
2519 4535 2585 4546 —
2630 4511 2677 4545 ¹⁹
2693 4510 2909 4565 diffidas
2949 4513 3107 4568 AM.
3144 4546 3221 4558 —

739 4601 790 4634 ²⁰
811 4599 984 4653 David
1012 4603 1089 4665 A‚·
1112 4597 1349 4651 Domino
1377 4598 1452 4651 M.

805 4686 871 4736 4.
890 4709 957 4721 —
975 4682 995 4716 ¹
1013 4696 1176 4750 porro
1199 4679 1324 4733 add.
1347 4680 1495 4732 AM.
1513 4705 1578 4717 —
1601 4679 1625 4713 ¹
1641 4677 1873 4733 celebris
1892 4676 2069 4743 EM}
2090 4695 2192 4732 om.
2211 4677 2278 4741 L,
2301 4679 2360 4730 in
2380 4692 2486 4746 quo
2502 4693 2601 4731 σεε
2618 4676 2833 4730 litterae
2848 4693 3044 4732 erasae
3064 4690 3225 4736 unt.

742 4792 806 4803 —
822 4764 849 4800 ⁸
863 4769 942 4829 (et
956 4765 1066 4832 ob.)
1082 4781 1186 4818 om.
1200 4763 1266 4816 L.
1285 4790 1343 4800 -
1365 4762 1389 4796 ⁴
1404 4777 1607 4830 genera
1624 4765 1692 4816 A.
1709 4789 1781 4800 —
1796 4761 1821 4796 ⁸
1838 4759 2129 4815 exhaustio
2150 4762 2220 4814 Δ.
2232 4789 2297 4799 -
2320 4760 2345 4794 ⁸
2360 4760 2533 4814 verbo
2551 4760 2680 4814 add.
2699 4760 2847 4814 AM.
2861 4787 2933 4799 —
2949 4759 2974 4794 ‘¹
2990 4764 3225 4819 restrin—

740 4864 868 4916 gere
894 4849 1129 4902 ΑΜ-
1155 4844 1428 4899 ²³int-erius
1454 4842 1828 4899 BL—'terni
1852 4841 2445 4911 M.-¹⁰iungitur.}{.
2471 4842 2718 4896 —11die
2743 4843 2809 4896 L.

808 4933 869 4986 5.
899 4958 970 4971 —
990 4930 1012 4965 ¹
1028 4943 1323 4985 occurrens
1343 4929 1490 4984 AM.
