3487 5450
762 587 911 663 178
1243 635 1248 639 ·
1319 606 1410 660 ns
1460 604 1703 660 neno
1754 603 2197 660 mommio
2246 604 2663 659 ausumco.

755 796 1151 865 sanctissimi
1174 794 1463 879 corporis
1483 793 1603 860 Dei
1623 792 1965 861 dilectricis
1984 792 2178 877 gleba
2196 789 2515 875 servatur,
2529 793 2870 878 effringere
2889 796 3226 873 voluisset,

759 900 837 964 ut
862 900 1048 963 tanto
1076 895 1386 961 thesauro
1414 894 1909 959 eminentiorem
1937 897 2004 959 et
2030 892 2429 960 ornatiorem
2457 898 2821 960 exstrueret
2847 895 3230 978 sepulturae

758 995 1077 1075 locellum,
1105 994 1323 1061 subito
1350 997 1539 1060 tanta
1557 992 1897 1059 ecclesiam
1915 991 2121 1077 caligo
2147 992 2571 1074 obnubilavit,
2600 998 2675 1059 ut
2694 994 3235 1060 obscurissimam

760 1099 1024 1163 noctem
1085 1094 1401 1178 ingruisse
1454 1097 1746 1177 putares.
1800 1091 2223 1178 Expavefacti
2277 1092 2389 1177 qui
2440 1093 2737 1173 aderant,
2800 1093 2909 1159 alii
2967 1094 3231 1160 attoniti

761 1199 980 1275 ruunt,
1005 1214 1162 1279 pars
1203 1192 1418 1277 erupit
1458 1193 1526 1257 in
1563 1192 1804 1276 fugam,
1832 1192 2032 1259 ceteri
2068 1192 2157 1257 ad
2183 1192 2496 1258 orationis
2536 1192 2953 1306 confugiunt⁴
2979 1194 3234 1277 praesi-

762 1295 965 1363 dium.
992 1294 1238 1360 Omnes
1274 1293 1412 1359 fere
1455 1296 1683 1359 tamen
1723 1292 1838 1377 qui
1875 1291 2322 1371 interfuerant,
2349 1311 2486 1358 non
2516 1292 2655 1357 sine
2682 1292 2997 1358 alicuius'
2978 1312 3232 1359 mcom·
3266 1311 3300 1360 s

761 1394 943 1461 modi
969 1392 1268 1508 opericulo
1310 1392 1398 1458 ab
1439 1392 1699 1475 incepto
1728 1390 2081 1472 desierunt,
2110 1395 2178 1457 et
2220 1390 2397 1458 unde
2444 1391 2632 1457 multi
2671 1411 2814 1458 rem
2856 1391 3234 1474 ignorantes

761 1493 987 1561 mirari
1029 1491 1259 1573 solent,
1286 1491 1465 1575 quod
1489 1490 1706 1556 minus
1732 1495 2040 1557 ornatam
2080 1490 2324 1556 habet⁶
2349 1490 2774 1573 sepulturam,
2816 1491 2994 1557 solus
3037 1491 3238 1558 timor

762 1596 904 1660 tam
921 1591 1152 1677 priscis
1174 1610 1375 1675 quam
1403 1589 1735 1657 modernis
1764 1593 1991 1656 votum
2018 1589 2418 1674 impedivit.
2372 1589 2399 1627 ⁸

846 1701 913 1761 3.
962 1693 1094 1761 Sed
1145 1696 1213 1759 et
1258 1691 1416 1760 illud
1464 1710 1598 1757 non
1638 1691 2012 1775 praeteribo
2061 1691 2464 1769 miraculum,
2509 1692 2686 1774 quod
2733 1693 3002 1776 quidam
3044 1692 3235 1759 miles

762 1794 1031 1861 veniens
1093 1811 1137 1858 a
1188 1791 1610 1871 Normannia,
1653 1790 2041 1882 wilhelmus
2068 1792 2092 1830 ¹
2138 1791 2422 1868 nomine,
2466 1790 2549 1856 de
2598 1810 2671 1857 se
2720 1792 2983 1872 factum,
3013 1792 3235 1857 multis
3270 1806 3336 1857 ⁴⁰

762 1892 1195 1970 audientibuS‚
1216 1890 1528 1957 narravit.
1556 1889 1679 1956 Hic
1708 1909 1859 1956 cum
1886 1890 1955 1955 in
1972 1890 2262 1974 quadam
2288 1909 2509 1974 pugna
2537 1891 2929 1975 confligeret,
2953 1892 3020 1957 in
3047 1891 3237 1957 oculo

760 1992 967 2060 ictum
984 1993 1012 2032 ⁸
1050 1990 1321 2075 accepit.
1351 1989 1477 2069 Qui
1520 1990 1684 2055 ictus
1727 1989 2052 2056 collisione
2102 1989 2387 2073 graviter
2425 1990 2723 2070 afflictuS‚
2766 1990 2988 2057 lumen
3031 1993 3239 2078 ipsius

761 2091 975 2158 oculi⁸
1000 2089 1237 2156 amisit.
1265 2088 1363 2155 De
1383 2088 1566 2154 cuius
1586 2087 1847 2155 luminis
1874 2088 2225 2155 amissione
2254 2088 2321 2154 in
2347 2107 2714 2155 maerorem
2743 2089 3054 2169 incidam,
3085 2111 3236 2157 cum

762 2187 871 2254 die
895 2191 1222 2272 noctuque
1243 2187 1511 2270 lugeret,
1543 2186 1895 2271 requisitus
1918 2206 1960 2252 a
1989 2187 2278 2272 quadam
2306 2186 2429 2252 sibi
2457 2187 2678 2269 ignota
2707 2188 2992 2254 femina⁴
3019 2192 3238 2256 subito

762 2287 1261 2371 superveniente
1300 2286 1469 2352 tanti
1509 2286 1827 2352 maeroris
1872 2305 2105 2352 causas
2119 2287 2164 2365 ⁶,
2195 2286 2393 2370 quid⁶
2433 2287 2773 2369 contigerit
2803 2288 3195 2356 calamitatis
3210 2291 3237 2329 ⁷
3274 2311 3337 2360 ιο

759 2386 1163 2454 lamentabili
1184 2405 1341 2452 voce
1370 2385 1690 2470 exposuit.
1716 2387 1809 2451 At
1829 2385 1938 2451 illa
1962 2385 2213 2451 nullum
2239 2385 2470 2452 melius
2499 2386 2837 2453 consilium
2881 2389 2969 2454 ad
3010 2388 3237 2455 lumen

760 2484 1282 2570 recuperandum
1330 2485 1603 2551 inveniri
1655 2505 1851 2569 posse
1897 2484 2254 2569 respondit,
2284 2504 2485 2570 quam
2532 2489 2607 2551 ut
2654 2491 2883 2552 votum
2942 2487 3189 2555 faceret
3210 2491 3239 2530 ⁸

757 2605 833 2652 se
858 2586 947 2652 ad
972 2586 1210 2651 beatae
1231 2584 1474 2651 Mariae
1496 2583 1923 2668 Magdalenae
1948 2584 2191 2661 limina,
2216 2584 2599 2669 quantocius
2617 2585 2887 2663 valeret,
2911 2607 3242 2672 propera-

757 2687 982 2754 turum
1002 2685 1049 2752 ⁸.
1085 2684 1525 2770 Acquiescens
1577 2684 1790 2768 igitur,
1832 2683 1943 2770 qui
1991 2683 2481 2768 periclitabatur
2505 2684 2575 2764 ¹⁰,
2603 2684 2890 2752 mulieris
2936 2706 3060 2754 con
3069 2688 3237 2770 silio,

760 2788 988 2852 votum
1035 2784 1233 2865 vovit,
1257 2787 1324 2850 et
1371 2784 1677 2851 continuo
1717 2785 1955 2851 beatae
2001 2783 2248 2849 Mariae
2297 2783 2416 2849 Dei
2458 2783 2797 2850 dilectricis
2847 2785 3159 2853 virtutem
3188 2790 3239 2828 ¹¹
3275 2805 3342 2857 20

761 2884 996 2951 adesse
1034 2883 1379 2968 persensit.
1425 2883 1597 2949 Nam
1639 2883 1861 2950 dolore
1908 2883 2225 2967 paulatim
2272 2883 2587 2966 mitigato,
2617 2884 2830 2950 visum
2877 2887 3125 2971 recepit
3169 2892 3238 2954 et

762 2983 1154 3050 vizeliacum
1174 2983 1225 3023 ¹⁸
1266 2985 1601 3067 expetens,
1623 3002 1823 3066 super
1861 2983 2086 3060 altare,
2132 2983 2248 3049 ubi
2296 2982 2415 3049 Dei
2452 2983 2735 3050 famulae
2790 2987 3236 3054 sacratissima

766 3083 1054 3168 corporis
1095 3084 1286 3167 gleba
1322 3082 1690 3186 reqqgescit,
1719 3083 1924 3149 mirae
1969 3082 2465 3166 pulchritudinis
2491 3083 2758 3149 calicem
2787 3084 2869 3150 de
2898 3085 2949 3124 ¹⁸
2977 3105 3140 3152 auro
3171 3090 3238 3153 et

767 3186 1038 3269 argento
1057 3182 1320 3262 obtulit;
1341 3186 1408 3249 et
1427 3184 1593 3249 haec
1611 3182 1835 3248 omnia
1861 3183 2001 3266 ipsc
2027 3182 2216 3248 nobis
2233 3182 2285 3222 ¹⁴
2305 3182 2451 3266 pius
2467 3182 2521 3221 ¹⁶
2548 3183 2789 3248 relator
2814 3184 3145 3252 intimavit
3168 3186 3239 3251 ¹⁸.

848 3290 923 3348 4.
952 3281 1124 3348 Nec¹
1152 3282 1356 3348 silebo
1383 3280 1560 3366 quod
1589 3282 1861 3366 quidam
1886 3280 2275 3348 Sconnensis
2303 3282 2609 3348 territorii
2629 3283 2834 3360 miles,
2854 3284 3348 3351 Adalarduszs

767 3381 1051 3461 nomine,
1071 3380 1156 3446 de
1175 3381 1461 3461 castello,
1490 3381 1668 3464 quod
1686 3380 2029 3446 Malsiacus
2050 3381 2302 3460 dicitur,
2323 3400 2441 3464 per
2461 3382 2673 3465 ipsam
2702 3381 2820 3447 Dei
2843 3383 3242 3450 dilectricem

770 3485 926 3549 ante
951 3481 1321 3564 sepulcrum
1361 3480 1499 3547 eius
1541 3479 2055 3546 sacratissimum
2095 3481 2355 3564 assequi
2384 3480 2561 3547 visus
2590 3480 2672 3546 sit
2705 3482 2838 3547 iam
2867 3482 3242 3550 defunctus.

771 3580 897 3647 Hic
920 3581 1094 3646 enim
1114 3581 1273 3646 dum
1295 3580 1511 3646 adhuc
1536 3579 1804 3657 viveret,
1834 3579 2000 3645 adeo
2035 3579 2308 3646 devotus
2338 3598 2494 3663 erga
2520 3581 2733 3663 ipsam
2763 3580 2901 3652 Deo
2931 3583 3244 3651 dilectam

773 3681 1132 3759 exstiterat,
1143 3684 1219 3746 ut
1239 3670 1544 3764 frequens
1564 3679 1652 3744 ad
1681 3679 1819 3744 eius
1839 3678 2065 3745 limina
2090 3679 2401 3746 orationis
2422 3699 2621 3746 causa
2640 3682 2893 3747 venerit
2907 3682 2933 3720 ⁸
2955 3687 3023 3749 et
3043 3683 3149 3748 vel
3173 3684 3242 3749 in

771 3779 1018 3865 pascha
1045 3780 1148 3845 vel
1166 3779 1235 3845 in
1253 3779 1457 3863 ipsius
1477 3777 1680 3843 natali
1706 3777 2208 3845 vizeliacensem
2223 3779 2253 3818 ³
2273 3778 2611 3844 ecclesiam
2639 3779 2774 3846 fere
2802 3801 2922 3864 per
2949 3782 3244 3866 singulos
3281 3795 3351 3847 30

772 3897 980 3946 annos
999 3877 1265 3944 visitare
1283 3876 1510 3942 solitus
1531 3879 1722 3942 esset.
1738 3875 1907 3942 Cum
1926 3876 2158 3960 igitur⁴
2175 3876 2244 3942 in
2264 3876 2844 3961 lherosolymitana
2862 3882 3246 3964 peregrina-

773 3978 950 4045 tione
968 3977 1103 4044 iam
1121 3976 1385 4056 obisset,
1414 3976 1684 4060 quidam
1717 3976 2009 4043 eiusdem
2034 3976 2343 4043 Mausiaci
2372 3977 2619 4043 castelli
2641 3978 2845 4057 mileS‚
2868 3979 3248 4048 Richardus

771 4077 1055 4158 nomine,
1083 4077 1195 4161 qui
1222 4095 1371 4142 cum
1400 4074 1621 4141 multis
1647 4076 1965 4158 praedicti
1992 4076 2298 4142 territorii
2325 4076 2478 4142 viris
2505 4076 2576 4142 in
2599 4078 2893 4161 paschali
2913 4079 3250 4148 sollemni-

773 4309 1115 4379 -⁴fugiunt
1140 4310 1294 4363 IL-
1314 4307 1339 4343 ὓ
1361 4308 1565 4364 habeat
1585 4310 1735 4364 L.—
1757 4308 2105 4380 ‘impediunt
2122 4311 2190 4363 L.

843 4395 906 4449 8.
941 4420 1012 4432 —
1043 4392 1065 4427 ¹
1094 4394 1175 4446 ita
1209 4393 1307 4459 B.,·
1345 4389 1644 4446 Guilelmus
1678 4394 1755 4446 H.
1791 4401 1914 4447 ante
1945 4410 2116 4460 eorr.‚·
2137 4391 2415 4447 Cuilemus
2449 4394 2513 4448 H
2538 4411 2710 4459 corr„-
2730 4394 3008 4450 Cuielmus
3038 4397 3093 4451 L
3117 4407 3248 4454 ante

774 4493 948 4544 eorm·
967 4474 1238 4529 Wielmus
1276 4475 1326 4528 L
1353 4491 1481 4529 corr
1503 4495 1530 4542 ‚·
1551 4473 1849 4529 Cuilelinus
1876 4476 1955 4530 M.
1975 4502 2046 4514 —
2066 4474 2092 4509 ⁸
2114 4474 2192 4540 (in
2213 4491 2267 4529 ο.
2286 4475 2376 4543 ic.)
2398 4474 2465 4531 ic.
2489 4476 2544 4530 in
2568 4492 2622 4531 o.
2643 4477 2712 4532 Β.
2736 4504 2802 4517 -
2822 4477 2847 4512 ⁸
2874 4478 3091 4547 penitus
3115 4483 3249 4538 add.

775 4561 847 4615 Β.
862 4586 931 4598 -
948 4558 974 4594 ⁸
988 4556 1197 4612 famula
1216 4557 1287 4611 Β.
1308 4584 1377 4597 -
1398 4557 1423 4591 ⁸
1445 4572 1612 4612 causa
1631 4558 1698 4622 Β,
1721 4575 1885 4612 erasa
1919 4559 2118 4613 seilicet
2134 4560 2317 4612 littera
2338 4573 2382 4611 s.
2401 4588 2467 4600 —
2488 4558 2514 4594 ⁸
2532 4557 2635 4614 sibi
2660 4561 2786 4614 add.
2805 4560 2873 4615 B.
2897 4593 2955 4602 —
2976 4560 2999 4595 ⁷
3014 4562 3122 4630 (co.
3139 4567 3250 4633 ca.)

776 4657 861 4696 ca.
880 4656 968 4696 co.
994 4641 1063 4694 Β.
1099 4666 1170 4678 -
1196 4638 1223 4674 ⁸
1243 4638 1354 4706 (vo.
1388 4638 1480 4706 fa.)
1502 4654 1592 4693 vo.
1618 4643 1842 4693 voveret
1865 4641 1932 4694 Β.
1971 4670 2032 4679 -
2068 4641 2092 4675 ⁹
2121 4644 2476 4709 proparatum
2505 4641 2659 4695 B.—
2693 4643 2739 4676 ¹⁰
2761 4642 2834 4711 (q.
2862 4643 2936 4711 p.)
2958 4661 3061 4699 om.
3085 4646 3156 4700 Β.
3182 4678 3252 4689 -

777 4723 824 4759 ²¹
840 4723 916 4791 (b.
938 4723 1009 4777 Μ.
1032 4722 1095 4776 D.
1112 4721 1164 4777 d.
1181 4723 1257 4788 v.)
1278 4721 1334 4776 b.
1358 4722 1426 4777 M.
1444 4720 1765 4791 Magdalene
1786 4738 1840 4778 v.
1864 4723 1947 4789 H,·
1969 4738 2022 4776 v.
2037 4723 2093 4777 b.
2117 4722 2179 4777 D.
2196 4724 2249 4777 d.
2266 4722 2371 4777 sibi
2386 4725 2526 4778 B.—
2545 4723 2593 4759 ¹⁸
2610 4723 2941 4780 Vizelaicum
2965 4727 3056 4794 H,·
3069 4727 3247 4784 Zelit-

775 4821 906 4862 cum
921 4807 990 4861 Β.
1009 4838 1070 4847 -
1091 4805 1139 4841 ¹⁸
1160 4820 1229 4859 ex
1251 4805 1317 4859 Β.
1340 4831 1410 4844 -
1434 4805 1480 4839 ¹⁸
1496 4804 1552 4870 (i.
1575 4807 1651 4870 n.)
1674 4820 1728 4859 n.
1752 4804 1787 4858 i.
1805 4806 1875 4859 Β.
1900 4831 1963 4845 -—
1989 4806 2037 4840 ¹⁸
2056 4821 2219 4860 verus
2242 4808 2392 4861 B.—
2409 4806 2457 4842 ¹⁸
2480 4805 2750 4862 nuntiavit
2775 4809 2845 4863 H.

842 4891 906 4944 4.
939 4920 1006 4932 —
1039 4889 1061 4924 ¹
1086 4889 1245 4943 Dme
1275 4888 1375 4943 hoc
1405 4890 1708 4957 capitulum
1741 4891 1803 4942 δη
1837 4889 1906 4943 Β.
1947 4888 2068 4946 —.⁸
2100 4888 2311 4944 veniret
2347 4889 2424 4943 Μ.
2452 4917 2521 4930 —
2550 4890 2577 4924 ⁸
2608 4889 3032 4947 vizelaicensem
3069 4895 3144 4949 Η.
3186 4925 3251 4936 -

773 4971 1044 5040 *ergola
