3487 5450
729 557 863 629 14⁶2.
1269 573 1358 625 m:
1409 571 1652 624 MAGNO
1703 569 2147 622 messmam
2199 568 2616 620 Ans-rauco.

718 767 1085 834 orationum
1113 764 1503 829 clementer³
1523 762 1835 846 pristinae
1863 760 2128 825 sanitati
2161 759 2554 836 restitueret,
2577 779 2655 824 ac
2698 759 2831 824 iam
2859 759 3182 842 plurimos

720 868 802 932 de
829 865 1065 931 saeculi
1096 864 1419 929 erroribus
1467 862 1678 944 deque
1708 861 2007 926 draconis
2037 863 2255 923 erutos
2283 858 2596 933 faucibus.
2619 859 2725 941 pie
2754 859 3014 923 vivendi
3037 864 3179 926 stu-

721 966 826 1031 dio
842 965 904 1029 in
927 963 1245 1046 religionis
1267 962 1565 1027 habitum
1586 959 2255 1043 recepisset,dumque
2279 958 2345 1021 in
2367 958 2632 1022 semotis
2645 957 3000 1023 Hiberniae
3026 980 3185 1041 par-

719 1064 892 1127 tibus
916 1062 1092 1127 sama
1119 1061 1236 1124 viri
1265 1059 1496 1124 nobilis
1525 1058 1857 1140 divulgata
1879 1057 2382 1121 increbresceret
2397 1057 2443 1133 ⁴,
2474 1055 2739 1137 contigit
2768 1056 2946 1137 quod
2976 1057 3177 1122 homo

722 1163 1005 1246 quidam,
1049 1161 1308 1224 nornine
1359 1158 1761 1241 Comgalus⁵,
1826 1159 2061 1240 genere
2110 1155 2372 1219 illustris
2430 1173 2508 1219 ac
2565 1154 2831 1220 sinceris
2880 1157 3181 1222 moribus
3227 1172 3258 1221 5

720 1261 1074 1326 admodum
1105 1259 1392 1336 celebris,
1435 1259 1614 1323 cuius
1643 1278 1761 1322 ora
1804 1276 2054 1334 cancer,
2085 1255 2352 1319 morbus
2379 1254 2684 1319 terribilis
2730 1259 2933 1339 atque
2964 1256 3191 1322 divina

722 1381 923 1425 manu
965 1348 1418 1425 tantummodo
1461 1357 1781 1435 curabiliS,
1833 1354 2276 1421 consumenda
2325 1354 2724 1433 foedaverat,
2775 1361 2930 1420 ante
2979 1356 3190 1439 pedes

723 1461 929 1526 sancti
956 1460 1161 1543 patris
1191 1458 1527 1523 Mochullei
1567 1457 1950 1540 provolutus
1979 1455 2177 1519 dixit:
2208 1454 2401 1518 Pater
2438 1461 2646 1517 amate
2700 1453 2853 1536 Dea,
2895 1456 3189 1541 quando-

727 1558 972 1643 quidem
1000 1557 1424 1621 (Iicersissima
1463 1556 1901 1639 infirmitatum
1930 1574 2159 1638 qenera
2179 1555 2419 1636 potenti
2444 1555 2752 1618 sermonis
2798 1556 2896 1617 tui
2924 1556 3191 1639 imperio

726 1658 1037 1723 subiacere
1063 1676 1189 1720 non
1216 1655 1448 1734 dubito,
1481 1656 1582 1719 ut⁶
1613 1657 1773 1718 inter
1810 1662 2040 1718 ceteras
2083 1654 2515 1737 lanquentium
2554 1662 2839 1718 catervas
2868 1656 3009 1735 mei,
3036 1655 3194 1739 plus
3236 1673 3295 1722 ⁴⁰

730 1759 939 1822 ceteris
967 1757 1313 1840 incliyentis,
1359 1756 1572 1819 solitae
1596 1756 1851 1839 pietatis
1892 1762 1945 1817 et
1985 1752 2448 1816 misericordiae
2492 1774 2688 1817 causa
2729 1756 2974 1818 interno
3017 1757 3190 1819 cari-

730 1860 876 1920 tatis
905 1858 1079 1920 oculo
1106 1856 1524 1919 calamitatem
1545 1854 1569 1892 7
1599 1854 1745 1918 telis
1772 1856 2090 1936 respicere,
2122 1854 2336 1935 roysto.
2365 1852 2550 1917 Tunc
2582 1854 3039 1919 beatissimus⁸
3073 1855 3197 1920 Dei

732 1956 1008 2021 famulus
1058 1954 1534 2037 campanulam,
1586 1974 1787 2037 quam
1821 1953 1942 2018 sibi
1984 1952 2181 2035 paulo
2210 1956 2363 2016 ante
2393 1952 2533 2034 ipse
2562 1956 2754 2035 pater
2782 1953 3059 2019 Albinus
3106 1955 3197 2020 ad

732 2073 1023 2118 eremum
1037 2053 1324 2117 caritatis
1347 2052 1771 2133 intersignum
1785 2051 2255 2126 transmiserat,
2268 2051 2355 2114 ad
2368 2051 2661 2116 tabentia
2676 2071 2793 2115 ora
2807 2052 3197 2136 vultumque

730 2153 1093 2235 languentis
1135 2151 1486 2234 applicans,
1519 2152 1648 2215 ait:
1680 2148 1987 2213 [inmense
2026 2157 2271 2213 creator
2299 2151 2488 2214 totius
2519 2152 2966 2229 universitatis,
2998 2173 3193 2216 muu-
3245 2169 3302 2217 ¹5

689 2278 692 2279 ⁷
733 2252 940 2316 danae
966 2251 1290 2314 machinae
1318 2259 1516 2314 rector
1537 2256 1591 2313 et
1615 2251 1940 2334 inspector,
1954 2251 2240 2333 piissime
2265 2249 2458 2331 Deus,
2476 2252 2537 2313 in
2570 2257 2976 2335 auqmentum
3008 2273 3206 2338 atque

733 2353 802 2414 in
831 2352 1196 2414 evidentia-m
1226 2349 1561 2414 christiani
1589 2350 1863 2413 nominis
1890 2358 1943 2412 et
1972 2356 2042 2411 ut
2072 2347 2424 2430 infidelibus
2468 2350 2778 2413 latrantia
2808 2371 2925 2414 ora
2955 2351 3208 2416 obstru-

736 2457 931 2515 antur
973 2471 1048 2514 ac
1070 2449 1355 2532 fidelibus
1378 2449 1528 2532 fidei
1570 2451 1863 2513 meritum
1903 2455 2187 2532 paretur,
2213 2455 2601 2532 praesentem
2639 2448 2803 2513 lianc
2842 2460 3077 2534 pestem
3124 2452 3206 2519 de

735 2550 850 2614 hoc
895 2549 1132 2614 obsesso
1172 2570 1427 2632 corpore
1457 2551 1522 2612 in
1552 2548 1742 2611 huius
1787 2549 2204 2632 campanulae
2250 2549 2592 2630 metallum,
2635 2556 2941 2634 quatenus
2984 2554 3198 2635 ipsum

738 2652 974 2713 cunctis
1001 2648 1344 2713 videntibus
1372 2655 1673 2735 tanquam
1719 2647 2039 2711 humanas
2068 2668 2288 2712 carnes
2318 2657 2663 2730 consumat,
2688 2650 2771 2713 τι9
2793 2657 2847 2714 te
2873 2650 3203 2735 deprecor,
3249 2672 3311 2723 2⁰

739 2752 1011 2814 transire
1026 2751 1402 2833 praecipias.
1425 2749 1795 2831 Statimque
1824 2750 1961 2813 sine
1990 2749 2167 2813 omni
2195 2751 2511 2831 temporis
2541 2749 2809 2815 alicuius
2840 2751 3204 2819 intersticio

741 2851 1006 2914 morbus
1036 2850 1138 2914 ille
1166 2869 1397 2914 cancer
1417 2848 1724 2913 radicitus
1755 2848 1838 2914 de
1858 2848 2042 2912 vultu
2067 2848 2186 2912 viri
2215 2848 2447 2914 nobilis
2477 2854 2704 2914 contra
2733 2850 3018 2926 solitum,
3051 2871 3210 2918 con-

741 2953 844 3013 tra
863 2954 1138 3013 naturae
1161 2948 1472 3027 debitum,
1489 2948 1733 3013 efficaci
1755 2948 2030 3030 imperio
2041 2948 2210 3011 servi
2225 2948 2274 2986 ¹⁰
2287 2947 2405 3012 Dei
2427 2947 2494 3012 in
2515 2950 2977 3031 campanulam
3001 2955 3217 3017 trans·

740 3049 879 3113 iens
900 3049 1192 3130 usquein
1213 3048 1583 3131 praesentia
1605 3051 1907 3130 tempora
1929 3066 2047 3112 ceu
2073 3047 2436 3112 humanum
2464 3067 2699 3131 corpus
2729 3049 3138 3116 admiranter
3157 3054 3217 3090 ¹¹

744 3148 931 3212 eam⁶
980 3147 1299 3211 consumit
1340 3147 1453 3231 (1).
1523 3147 1993 3212 Verumtamen
2050 3147 2277 3229 quovis
2333 3147 2645 3212 miraculo
2707 3149 2915 3232 magis
2961 3151 3211 3217 mirum
3255 3170 3319 3219 ι’,

745 3248 1079 3329 magisque
1107 3247 1425 3312 memoria
1459 3247 1724 3329 dignum
1773 3247 1975 3312 menti
2026 3266 2214 3312 meae
2243 3248 2308 3311 in
2328 3248 2376 3285 ¹²
2403 3247 2672 3312 instanti
2700 3250 3000 3328 occurrit,
3032 3252 3219 3334 quod

745 3346 1110 3430 quicunque
1132 3347 1212 3411 de
1234 3346 1521 3429 quolibet
1545 3348 1810 3411 crimine
1834 3347 2225 3429 suspiciosus
2239 3347 2407 3412 hanc
2423 3347 2881 3430 campanulam
2903 3351 3217 3432 peiurare

745 3446 1274 3529 praesumpserit,
1318 3445 1526 3510 isdem
1593 3446 2055 3511 daemoniacus
2117 3465 2232 3510 seu
2294 3446 2614 3511 lunaticus
2658 3467 2774 3512 seu
2818 3451 3212 3532 arrepticius

747 3546 832 3610 ob
860 3545 975 3609 viri
1000 3544 1383 3610 venerabilis
1405 3546 1636 3610 merita
1657 3545 1996 3628 praeclara
2015 3545 2065 3584 ¹³
2091 3545 2316 3628 procul
2339 3545 2537 3611 dubio
2561 3547 2854 3612 efficitur.
2885 3549 3223 3616 Animad-

747 3646 979 3709 vertite
1019 3645 1230 3726 igitur,
1260 3645 1493 3709 fratres
1533 3644 1869 3722 carissimi,
1900 3648 1965 3709 et
1993 3645 2209 3709 videte
2251 3664 2335 3710 ne
2378 3645 2499 3710 hoc
2541 3646 2778 3728 gentile
2817 3647 3216 3730 figmentum
3261 3673 3325 3724 30

747 3744 850 3809 vel
879 3744 1099 3808 fabula
1125 3763 1297 3808 vana
1323 3744 1506 3809 vobis
1534 3743 1853 3822 videatur,
1883 3743 2000 3808 sed
2028 3763 2134 3808 res
2161 3748 2303 3808 tam
2344 3744 2654 3827 praelatis
2684 3764 2886 3828 quam
2929 3749 3216 3830 privatis

748 3844 945 3909 totius
968 3843 1319 3908 Hiberniae
1333 3845 1383 3881 ¹⁴
1403 3843 1658 3927 populis
1687 3846 1983 3926 spectata
2011 3843 2335 3908 credatur.

831 3951 898 4007 7.
948 3942 1065 4008 His
1094 3942 1572 4008 adnectendum
1602 3946 1700 4006 est
1730 3941 2008 4025 qualiter
2027 3941 2125 4006 vir
2169 3941 2435 4024 quidam
2477 3947 2770 4020 venator,
2800 3944 2997 4010 homo
3030 3946 3221 4030 inge·

748 4062 916 4107 nnus
987 4044 1500 4124 fortunatusque,
1550 4061 1815 4121 cervam
1884 4041 2289 4124 praedictam
2358 4043 2567 4106 sancti
2632 4042 2990 4123 Mochullei,
3058 4066 3220 4113 cum

749 4142 1050 4207 vescendi
1074 4141 1288 4206 studio
1315 4141 1505 4206 solita
1525 4160 1772 4223 pascua
1803 4141 2080 4205 errando
2120 4140 2609 4223 perlustrasset,
2644 4142 2932 4225 dumque
2975 4145 3223 4213 viridia
3265 4175 3332 4226 35

752 4352 818 4365 —
840 4325 864 4358 ⁸
887 4326 953 4387 (c.
973 4340 1017 4377 s.
1040 4325 1112 4391 p.)
1130 4338 1182 4391 p.
1198 4339 1243 4377 s·
1266 4338 1314 4376 c.
1333 4326 1481 4376 A.-
1496 4323 1521 4357 ⁴
1535 4323 1867 4377 incresceret
1881 4326 2023 4378 Δ.-
2042 4322 2305 4389 ‘Comgal
2325 4324 2386 4381 H
2388 4343 2411 4390 ,·
2431 4323 2641 4392 Rongal
2665 4327 2712 4377 A
2729 4344 2752 4389 ,·
2771 4324 3023 4394 Ronogal
3047 4328 3127 4382 lt.
3148 4358 3223 4371 —

752 4409 778 4443 ⁸
799 4426 901 4462 om.
921 4406 1069 4461 AM.
1091 4433 1157 4444 —
1180 4405 1201 4438 ἵ
1219 4405 1530 4460 calamitate
1557 4409 1622 4460 A.
1638 4434 1707 4445 —
1731 4406 1757 4440 Β
1778 4405 1925 4459 idem
1940 4408 2066 4459 add.
2086 4406 2344 4459 A.M.—⁹
2366 4406 2435 4459 ad
2461 4407 2539 4461 Μ.
2561 4437 2627 4447 -
2652 4407 2698 4440 ¹⁰
2721 4406 2903 4462 viriL.
2920 4418 3047 4463 ante
3068 4428 3229 4469 corr.

752 4521 820 4532 -
839 4491 887 4525 ¹¹
908 4489 1244 4543 admirentur
1267 4488 1344 4541 M.
1366 4517 1431 4527 -
1457 4488 1503 4522 ¹²
1525 4506 1630 4543 om.
1653 4492 1721 4543 A.
1741 4517 1804 4528 —
1826 4489 1871 4522 ¹⁸
1895 4488 1991 4555 (m.
2011 4489 2087 4556 p.)
2120 4505 2171 4556 p.
2196 4505 2270 4542 m.
2294 4489 2443 4543 AM.
2463 4516 2531 4526 —-
2557 4490 2602 4523 ¹⁸
2622 4505 2763 4557 pene
2785 4493 2911 4544 add.
2937 4493 3093 4547 AM.

820 4688 894 4753 (1)
925 4686 1127 4741 Notare
1160 4684 1360 4738 iuverit
1390 4683 1752 4738 instrumenta
1781 4688 2211 4748 monumentave
2247 4699 2433 4746 aenea.
2467 4700 2609 4753 quae
2645 4684 2963 4754 aliquandiu
2985 4688 3044 4742 in
3070 4693 3232 4748 terra

752 4771 966 4839 sepulta
994 4772 1392 4829 remanserunt,
1421 4782 1845 4835 nonnumquam
1879 4766 2047 4820 veluti
2071 4767 2267 4820 morbo
2298 4766 2557 4835 quodam,
2589 4783 2756 4836 quem
2787 4771 2834 4821 le
2872 4772 3109 4827 chancre
3147 4778 3235 4829 ᾱιι

754 4856 947 4909 bronze
967 4851 1239 4908 dixerunt.
1261 4850 1574 4904 deformari.
1594 4849 1673 4905 Cf.
1696 4848 1766 4903 Μ.
1783 4848 2123 4915 Trsmwxcz,
2152 4850 2314 4903 Nom
2331 4861 2377 4903 et
2394 4853 2678 4904 convenire
2695 4852 2822 4905 ἄκη
2850 4855 3012 4907 viena:
3039 4859 3240 4913 collec-

753 4940 1021 5000 tionneur,
1041 4935 1096 4989 in
1116 4933 1299 4987 szm:
1320 4935 1775 4998 mcafiotomoux,
1798 4933 1860 4988 3·
1883 4935 2007 4998 ser„
2023 4935 2061 4987 t.
2083 4930 2274 4998 XXXI,
2298 4947 2351 5000 p.
2371 4932 2488 4987 306.
