3487 5450
869 553 961 608 nn
1011 555 1254 609 meno
1304 554 1747 611 mammo
1795 558 2210 611 ansa-nuce.
2674 536 2772 611 25

389 744 511 811 Est
533 765 752 830 nempe
785 744 939 810 haec
963 745 1183 830 inqens
1222 744 1534 831 quaedam
1572 745 1844 829 collectio
1874 745 2284 831 leqendarum
2319 746 2772 832 haqioqraplii·

308 865 556 927 carum,
576 846 756 910 cuius
775 865 918 909 cum
944 844 1226 928 exempla
1246 846 1471 909 omnia·
1576 835 1797 923 btenus'
1809 852 1962 910 nota
1987 847 2081 931 (1)
2103 847 2169 909 in
2199 849 2540 912 austriacis
2558 846 2775 912 biblio-

311 942 500 1009 thecis
535 951 778 1028 reperta
817 944 965 1025 sint,
999 964 1223 1007 nomen
1267 945 1324 1008 ei
1361 943 1521 1009 dare
1550 944 1728 1008 soliti
1763 951 1912 1010 sunt
1948 944 2260 1030 Maqnum
2302 946 2772 1031 Leqendarium

307 1043 742 1109 Austriacum.
770 1042 1192 1127 Exemplaria
1219 1042 1356 1124 illa,
1385 1064 1543 1128 quae
1582 1044 1766 1127 infra
1795 1043 2045 1109 uberius
2072 1044 2503 1123 describemus,
2533 1046 2672 1111 alia
2701 1047 2771 1110 in

310 1144 710 1208 monasteriis
765 1140 1181 1223 benedictinis,
1240 1140 1587 1207 Mellicensi
1639 1162 1858 1227 nempe
1912 1152 1968 1208 et
2022 1144 2466 1224 Admuntensi,
2514 1146 2648 1210 alia
2704 1146 2771 1208 in

309 1241 810 1323 cisterciensibus,
842 1240 1112 1305 Sanctae
1147 1240 1389 1321 Crucis,
1420 1241 1886 1325 Oampililiensi
1913 1249 1969 1307 et
2013 1242 2383 1326 Zioettlensi,
2414 1251 2469 1308 et
2497 1251 2771 1309 exarata

307 1346 455 1404 sunt
482 1346 538 1404 et
578 1340 787 1404 adlnw
825 1346 1161 1405 servantur
1171 1362 1199 1421 ,·
1227 1360 1423 1403 unum
1468 1342 1537 1404 in
1566 1342 1940 1425 palatinam
1981 1340 2408 1407 bibliothecam
2459 1342 2774 1407 Vindobo-

309 1458 554 1505 nensem
602 1441 806 1503 nescio
858 1439 1025 1503 unde
1071 1438 1331 1505 devenit.
1386 1440 1922 1525 Antiquissimum
1974 1443 2256 1505 omnium
2309 1450 2396 1507 est
2452 1442 2775 1527 exemplar

310 1537 751 1620 Sancrucense,
777 1558 939 1603 saec.
969 1536 1123 1602 XII
1142 1539 1469 1621 scriptum.
1508 1538 1773 1603 Collatis
1808 1546 2017 1604 tamen
2050 1540 2264 1604 multis
2307 1542 2559 1625 passim
2597 1541 2772 1623 locis,

308 1643 470 1702 certo
497 1637 669 1702 nobis
704 1638 995 1719 constitit,
1024 1637 1193 1723 quod
1232 1637 1351 1700 alii
1379 1639 1512 1701 iam
1541 1644 2013 1723 perspexerant,
2052 1660 2452 1725 nequaquam
2488 1640 2603 1704 hoc
2648 1660 2779 1705 esse

310 1738 631 1821 exemplar
659 1736 1082 1821 archetypum,
1104 1757 1180 1800 ex
1199 1756 1318 1822 quo
1347 1743 1546 1801 cetera
1568 1737 1884 1821 descripta
1913 1740 2061 1820 sint,
2085 1758 2297 1803 verum
2327 1738 2406 1803 ab
2427 1740 2775 1823 exemplari

310 1837 438 1901 alio
460 1836 658 1920 paulo
685 1837 1057 1921 antiquiore,
1078 1835 1245 1921 quod
1272 1837 1407 1899 iam
1429 1838 1641 1920 periit,
1664 1838 1885 1901 omnia
1914 1858 2078 1923 quae
2101 1846 2438 1932 supersunt
2466 1840 2773 1923 oriqinem

312 1935 584 2001 duxisse.
613 1935 836 2014 Paulo,
866 1937 1128 2021 inquam
1158 1936 1506 2020 antiquiore
1510 1958 1538 2017 ,·
1565 1936 1872 2022 siquidem
1921 1937 2301 2020 Leqendarii
2328 1938 2611 2003 collector
2629 1946 2777 2023 post

313 2055 555 2099 annum
584 2035 832 2098 demum
873 2034 1036 2099 1181
1064 2035 1238 2118 operi
1262 2054 1376 2098 suo
1403 2034 1696 2099 ultimam
1736 2056 2002 2099 manum
2052 2039 2365 2120 apposuit.
2409 2037 2570 2101 Cum
2611 2039 2776 2101 enim

316 2133 642 2199 Miracula
704 2133 956 2218 Virqilii
1003 2136 1271 2217 episcopi
1311 2133 1695 2217 Iuvavensis,
1738 2155 1899 2221 quae
1951 2156 2076 2199 non
2128 2142 2271 2199 ante
2317 2136 2484 2201 hunc
2525 2157 2775 2200 annum

314 2235 666 2317 conscripta
687 2241 834 2297 sunt
853 2234 969 2315 (2),
985 2235 1049 2296 in
1071 2232 1530 2315 exemplaribus
1550 2240 1683 2297 tum
1706 2233 2213 2313 cisterciensibus,
2234 2242 2369 2299 tum
2392 2234 2774 2313 benedictino

314 2352 440 2397 uno
466 2369 545 2380 —
584 2333 847 2396 alterius
887 2332 1170 2396 volumen
1212 2332 1325 2396 hoc
1366 2332 1495 2397 loco
1526 2334 1719 2415 periit
1753 2368 1830 2380 -—
1858 2332 1949 2397 ad
1989 2333 2051 2397 d.
2083 2335 2170 2396 27
2202 2333 2553 2399 novembris
2593 2355 2773 2418 repe-

313 2431 593 2506 riantur,
614 2431 719 2492 rix
739 2429 1022 2495 dubitare
1042 2430 1178 2493 licet
1199 2431 1534 2514 quominus
1553 2429 1769 2494 eadem
1793 2431 1858 2493 in
1889 2430 2225 2514 archetypo
2249 2433 2616 2497 exstiterint.
2650 2430 2776 2495 Sed

313 2531 611 2614 quoniam
640 2536 783 2593 ante
805 2528 992 2611 finem
1022 2549 1178 2593 saec.
1202 2527 1362 2593 XII
1371 2549 1446 2594 ex
1468 2528 1802 2613 archetypo
1825 2530 1932 2593 illo
1955 2528 2275 2612 deperdito
2295 2531 2426 2594 iam
2450 2531 2773 2615 descripta

311 2629 439 2693 sint
477 2633 777 2713 quattuor
814 2628 1031 2712 ampla
1068 2628 1443 2711 exemplaris
1473 2628 1926 2693 Sancrucensis
1951 2629 2275 2692 volumina
2304 2630 2418 2713 (3),
2451 2627 2607 2694 certe
2645 2648 2774 2693 non

312 2728 507 2792 multo
527 2737 670 2812 post
690 2718 931 2792 annum
952 2729 1117 2793 1181
1132 2730 1351 2811 prima
1380 2729 1648 2793 collectio
1664 2729 1950 2812 perfecta
1980 2737 2084 2793 est.

403 2893 712 2974 Quisnam
733 2900 940 2957 autem
959 2893 1157 2975 fuerit
1181 2893 1280 2958 ille
1301 2894 1594 2976 collector,
1620 2894 1952 2959 ubinamve
1971 2896 2219 2975 vixerit,
2242 2916 2365 2959 non
2387 2901 2473 2959 est
2492 2895 2773 2978 definire.

312 2992 653 3057 Austriam
709 2994 916 3078 utique
970 2992 1333 3074 inferiorem
1388 3000 1713 3079 tamquam
1782 2992 2168 3077 Leqenclarii
2224 2996 2424 3058 nostri
2466 2996 2771 3078 patriam

311 3091 591 3154 innuunt
605 3091 990 3174 exemplaria
1010 3098 1280 3171 servata,
1292 3112 1450 3176 quae
1467 3098 1713 3155 tantum
1735 3113 1859 3156 non
1876 3094 2089 3156 omnia
2107 3094 2174 3156 in
2189 3092 2405 3156 eadem
2419 3095 2776 3176 conscripta

312 3196 479 3253 sunt.
527 3188 788 3252 Videtur
818 3192 1073 3274 insuper
1122 3190 1400 3254 collector
1438 3193 1505 3255 in
1534 3193 1919 3256 monasterio
1946 3191 2200 3276 deqisse,
2228 3191 2394 3277 quod
2431 3191 2778 3256 incolebant

310 3289 502 3351 etiam
546 3287 837 3352 monachi
863 3288 1154 3352 nonnulli
1179 3288 1423 3354 hiberni
1462 3291 1586 3354 sive
1613 3293 1791 3370 scoti,
1817 3292 1890 3355 in
1935 3311 2205 3376 quorum
2237 3312 2452 3375 nempe
2490 3293 2777 3376 qratiam

311 3388 582 3451 insertae
605 3395 750 3450 sunt
781 3390 845 3451 in
875 3386 1272 3473 Leqendario
1318 3388 1495 3453 Vitae
1522 3410 1647 3453 non
1684 3411 1939 3474 paucae
1965 3396 2330 3454 sanctorum
2357 3390 2777 3473 hibernorum,

311 3506 505 3572 neque
526 3487 731 3551 solum
748 3495 1174 3571 patronorum
1204 3487 1547 3552 Hiberniae
1576 3492 1781 3574 maqis
1812 3489 2283 3571 celebratorum,
2308 3489 2415 3554 secl
2445 3491 2775 3573 iynobilio-

315 3606 462 3650 rum
501 3586 923 3671 quorundam,
953 3594 1020 3650 ut
1060 3586 1414 3668 Mocliullei,
1444 3588 1722 3670 Ronani,
1761 3589 2088 3674 Coenqeni,
2136 3589 2392 3670 Senani,
2425 3588 2778 3654 Flannani.

320 3683 445 3748 Sed
472 3707 616 3749 cum
646 3687 906 3750 obscura
944 3686 1122 3750 valde
1148 3687 1231 3750 sit
1260 3689 1783 3752 monasteriorum
1814 3690 2163 3769 Scotorum,
2195 3709 2355 3773 quae
2392 3689 2594 3751 multa
2627 3696 2784 3752 tunc

319 3786 619 3869 temporis
652 3805 771 3868 per
811 3787 1146 3849 Austriam
1190 3794 1244 3849 et
1278 3785 1632 3851 Bavariam
1674 3789 2062 3870 exstiterant,
2092 3787 2364 3851 historia
2389 3789 2502 3870 (4),
2534 3788 2667 3851 ideo
2712 3789 2781 3850 in

315 3905 596 3970 quonam
620 3887 1035 3968 conscriptum
1059 3887 1141 3948 sit
1163 3885 1587 3969 archetypum,
1604 3907 1723 3950 non
1748 3888 1947 3950 solum
1972 3887 2256 3969 definire,
2271 3887 2377 3951 sed
2400 3907 2474 3951 ne
2500 3887 2779 3951 conicere

317 3983 572 4068 quidem
592 4003 948 4066 possumus.
983 3984 1160 4048 Certe
1190 3985 1256 4047 in
1278 3985 1587 4050 codicibus
1615 3985 2166 4066 Sancrucensibus,
2191 3984 2362 4070 quod
2387 3988 2520 4049 iam
2545 3987 2783 4049 notavit

333 4080 739 4146 Wattenbaclz
771 4084 880 4164 (5),
909 4083 1121 4147 seclulo
1158 4084 1345 4147 lectas
1372 4104 1499 4148 esse-
1527 4084 1605 4148 ab
1635 4085 1858 4149 incolis
1880 4089 2255 4149 monasterii
2282 4085 2573 4170 leqenclas
2591 4105 2785 4169 prae-

316 4184 533 4246 sertim·
562 4181 930 4260 hibernicas,
960 4182 1048 4246 vel
1076 4189 1275 4264 notae,
1306 4202 1465 4267 quae
1505 4185 1570 4246 in
1605 4184 1998 4268 marqinibus
2027 4184 2387 4268 adscriptae
2428 4191 2594 4264 sunt,
2622 4186 2781 4248 satis

318 4288 632 4346 testantur
641 4303 667 4358 ;
696 4301 883 4366 neque
908 4289 1115 4346 tamen
1144 4281 1517 4346 crediderim
1555 4284 1620 4346 in
1652 4285 2021 4348 monasteris
2051 4283 2328 4348 Sanctae
2364 4283 2587 4348 Crucis
2629 4305 2785 4348 con-

390 4495 463 4559 (1)
487 4494 767 4561 QuamviS‚
791 4498 852 4547 ut
874 4495 1238 4557 monebimus
1259 4496 1470 4550 nullum
1505 4511 1574 4549 ex
1608 4495 1695 4550 his
1727 4496 2129 4564 exemplaribus
2163 4497 2430 4564 integrum
2463 4497 2545 4559 sit.
2568 4498 2783 4553 nullum

320 4574 490 4629 etiam
508 4575 659 4643 quod
682 4591 793 4629 non
811 4575 1255 4644 interpolationes
1270 4578 1479 4646 aliquas
1498 4577 1569 4631 sit
1584 4593 1792 4647 passus,
1811 4578 1888 4631 ita
1908 4583 2095 4633 tamen
2112 4579 2166 4631 in
2191 4595 2375 4632 rerum
2401 4595 2621 4633 summa
2645 4579 2789 4634 inter

318 4673 384 4712 se
400 4657 752 4720 conveniunt,
773 4662 835 4714 nt
856 4659 1088 4714 dubitari
1111 4675 1222 4713 non
1244 4659 1414 4727 possit
1436 4660 1578 4713 hanc
1601 4676 1724 4714 esse
1747 4661 2125 4715 collectionem
2151 4661 2426 4729 quandam
2449 4661 2783 4728 singularem

321 4745 382 4795 et
404 4740 633 4794 omnino
656 4739 951 4797 definitam.
975 4769 1043 4784 -
1063 4743 1136 4807 (2)
1163 4741 1300 4796 Vide
1327 4743 1475 4806 Ma..
1497 4743 1614 4798 Ser.
1644 4749 1684 4797 t.
1711 4742 1802 4803 xl.
1829 4758 1885 4812 p.
1909 4743 1991 4804 88.
2013 4744 2108 4797 lin.
2130 4745 2207 4797 19.
2231 4771 2296 4782 —
2335 4743 2408 4810 (3)
2433 4743 2585 4797 Unus
2617 4743 2785 4797 etiam

323 4839 397 4878 ex
441 4823 864 4880 Zwetssensibus
906 4824 1184 4879 codicibus
1215 4841 1358 4879 saec.
1390 4825 1494 4879 XII
1528 4829 1780 4880 exaratus
1818 4825 2027 4880 dicitur.
2067 4855 2134 4865 —
2173 4826 2246 4892 (4)
2283 4826 2362 4880 cf.
2397 4824 2790 4880 war-menaea·

324 4906 733 4963 Deutschlands
751 4908 1281 4976 Geschichtsquellen,
1299 4912 1338 4963 t.
1355 4909 1449 4974 11⁸,
1462 4925 1514 4977 p.
1528 4909 1807 4976 382-(5)
1828 4908 1894 4963 In
1911 4910 2146 4964 Archino
2167 4908 2374 4974 Pertzii,
2393 4911 2432 4962 t.
2449 4907 2515 4974 X,
2531 4924 2583 4976 p.
2605 4907 2722 4962 615.
