3487 5450
673 570 818 646 164
1228 587 1317 641 ni:
1368 585 1611 640 neno
1661 584 2107 639 memmio
2157 583 2572 636 ausmuco.

661 778 994 859 miracula,
1017 774 1404 861 perterritus
1431 778 1532 841 est
1561 777 1628 841 et
1647 742 1883 858 sponte
1908 772 2153 840 dimisit
2171 776 2399 839 sancto
2418 770 2704 842 Ri’inano
2720 776 2747 815 ¹
2765 777 3133 863 ceterisque

661 878 905 946 sanctis
931 895 1103 961 quae
1129 876 1505 959 poscebant.
1547 872 1948 940 Venerabilis
1975 891 2131 938 vero
2165 871 2444 939 Ultanus
2475 873 2647 940 hanc
2674 876 3135 958 propheticam

661 977 1053 1044 sententiam
1071 974 1360 1059 protulit,
1385 973 1563 1058 quod
1581 992 1819 1040 manus
1840 975 2261 1039 externorum
2279 972 2567 1039 hostium
2589 972 2979 1041 Hiberniam
3002 995 3142 1044 non

660 1081 1029 1161 occuparet,
1076 1074 1391 1159 quamdiu
1442 1073 1631 1139 miles
1677 1072 1940 1139 Domini
1976 1069 2300 1138 Runanus
2340 1072 2408 1139 in
2450 1073 2577 1139 hac
2617 1076 2952 1157 praesenti
3005 1077 3142 1143 vita

660 1175 931 1243 vixisset
950 1176 1062 1260 (1).
1084 1173 1278 1253 Quod
1297 1174 1392 1240 ita
1421 1171 1820 1257 completum
1852 1175 1974 1238 ost.
3176 1189 3211 1239 α

747 1282 815 1342 6.
857 1273 982 1340 Hic
1000 1274 1176 1341 idem
1196 1270 1521 1339 Riinanus
1540 1271 1938 1357 quibusdam
1957 1269 2189 1337 diebus
2217 1271 2547 1354 quaedam
2569 1292 2730 1340 suae
2748 1274 3141 1357 parrochiae

662 1374 952 1460 perrexit
972 1373 1239 1439 visitare
1269 1372 1433 1438 loca.
1466 1370 1614 1450 Quo
1640 1371 1934 1455 ingresso
1961 1369 2204 1435 utiliter
2232 1369 2320 1436 ad
2347 1369 2744 1438 Fechianum
2776 1373 2955 1438 venit
2990 1373 3146 1439 visi-

663 1473 851 1540 tandi
897 1492 1117 1540 causa.
1162 1471 1376 1551 Quem
1423 1475 1690 1537 sanctus
1738 1469 2100 1536 Fechianus
2148 1469 2408 1536 intuens
2463 1470 2863 1558 spiritalibus
2918 1472 3141 1551 oculis,

663 1572 1050 1658 prinsquam
1075 1570 1530 1637 convenissent
1546 1571 1569 1610 ¹
1589 1569 1659 1635 in
1675 1589 1903 1649 unum,
1924 1566 2121 1634 dixit:
2154 1566 2281 1633 Hic
2298 1575 2386 1634 est
2405 1570 2516 1654 qui
2535 1570 2898 1657 frequenter
2923 1592 3143 1637 coram

667 1692 766 1738 me
779 1667 1078 1757 penetrat
1114 1671 1203 1734 ad
1245 1668 1452 1735 Deum
1483 1670 1554 1733 in
1578 1668 1843 1734 caelum.
1884 1668 1966 1734 Et
1991 1668 2063 1733 in
2102 1667 2392 1734 adventu
2431 1670 2641 1735 saneti
2675 1670 2951 1754 hospitis
2978 1690 3144 1755 gau-
3177 1683 3246 1735 ιο

667 1771 831 1839 dens
885 1770 1173 1855 corporis
1221 1787 1449 1853 gressu
1495 1769 1565 1852 in
1611 1769 1878 1835 obviam
1930 1758 2107 1833 venit
2154 1786 2365 1851 usque
2415 1768 2504 1835 ad
2550 1773 2779 1852 portas
2827 1770 3140 1837 ecclesiae

569 1909 573 1913 <
666 1870 1104 1955 amplexuque
1124 1874 1354 1935 mutuo
1373 1887 1586 1952 genua
1611 1867 1875 1947 flexere,
1886 1872 1955 1934 ct
1974 1866 2263 1951 quadam
2281 1867 2542 1934 incante
2559 1869 2885 1935 inclinat?
2906 1869 3140 1954 capitis

663 1966 952 2035 laesione
989 1968 1319 2051 sanguinis
1362 1985 1446 2032 ex
1485 1963 1755 2032 Runani
1794 1965 2008 2032 fronte
2054 1969 2241 2049 gutta
2283 1966 2352 2031 in
2393 1970 2639 2033 terram
2672 1968 2880 2034 fluxit.
2933 1969 3140 2049 Quae,

665 2066 807 2135 Deo
844 2068 1132 2145 iuvante,
1173 2066 1524 2150 benignam
1563 2066 1870 2149 praebuit
1917 2064 2311 2131 medicinam
2361 2065 2600 2133 doloris
2650 2087 2886 2134 renum
2927 2069 3142 2135 sancti

665 2166 1031 2234 Fechiani⁸.
1079 2165 1359 2232 Sanctus
1409 2163 1815 2231 Fechianus⁴
1861 2163 1944 2230 de
1997 2164 2350 2230 refectione
2408 2166 2744 2250 hospitum
2808 2167 3138 2249 sollicitus,
3179 2178 3248 2229 ω

664 2285 859 2332 suum
885 2265 1289 2332 cellerarium
1313 2264 1781 2350 interrogabat,
1806 2264 1864 2330 si
1881 2264 2157 2329 haberet
2176 2264 2353 2330 unde
2374 2265 2797 2332 reficerentur
2818 2266 3141 2352 hospites.

662 2364 775 2433 me
820 2385 979 2432 vero
1044 2365 1355 2449 inopiam,
1384 2384 1588 2451 quam
1625 2364 1938 2443 habebat,
1985 2363 2313 2430 humiliter
2354 2367 2709 2433 excusavit.
2756 2366 2927 2433 Vere
2973 2367 3135 2451 pius

664 2463 1001 2544 Dominus,
1047 2484 1204 2531 vere
1244 2464 1632 2543 misericors,
1679 2466 1754 2529 ut
1800 2462 2007 2529 Paulo
2054 2466 2123 2528 et
2168 2463 2458 2530 Antonio
2502 2464 2712 2533 Deum
2751 2466 3139 2532 timentibus

666 2584 888 2633 escam
926 2564 1127 2644 dedit,
1179 2564 1275 2631 ita
1330 2569 1398 2630 et
1442 2565 1547 2631 his
1594 2563 1853 2629 duobus
1905 2561 2217 2645 religiosis
2265 2563 2614 2630 alimoniae
2663 2565 3142 2632 abundantiam

663 2664 1168 2733 misericorditer
1205 2664 1451 2732 tribuit.
1482 2662 1650 2731 Dein
1669 2663 1697 2702 ⁸
1724 2682 1769 2731 a
1796 2665 2025 2730 sancto
2053 2660 2377 2730 Fechiano
2392 2663 2420 2700 ⁸
2446 2662 2531 2730 de
2558 2664 2684 2732 hac
2712 2665 2901 2750 copia
2927 2684 2971 2733 a
2998 2664 3139 2733 Deo
3173 2679 3247 2734 ιο

661 2765 868 2832 missa
899 2764 1091 2831 multi
1125 2765 1417 2849 hospites
1446 2769 1515 2830 et
1552 2782 1880 2848 pauperes
1906 2761 2181 2832 recreati
2210 2766 2383 2828 sunt.
2411 2762 2645 2830 Fertur
2660 2765 2687 2804 ¹
2717 2770 2943 2831 autem
2968 2767 3143 2832 hanc

665 2865 924 2948 copiam
959 2884 1097 2930 non
1136 2863 1454 2945 minuere,
1493 2863 1721 2944 donec,
1768 2863 1907 2929 Deo
1935 2861 2306 2941 adiuvante,
2332 2861 2488 2928 illa
2469 2864 2691 2947 inopia
2710 2865 2804 2931 ab
2832 2865 3143 2931 omnibus

665 2963 1046 3031 discederet.
1067 2964 1243 3030 Ante
1264 2963 1529 3031 autem⁸
1549 2962 1728 3029 diem
1747 2960 2131 3046 egressionis
2152 2956 2415 3029 Runani
2446 2982 2489 3029 a
2516 2969 2743 3029 sancto
2766 2964 3092 3031 Pechiano
3114 2964 3147 3004 ⁸

665 3064 854 3131 iussit
880 3063 1211 3130 cellerario
1234 3068 1312 3130 ut
1336 3063 1709 3130 varia-vasa
1726 3063 1777 3102 ¹⁰
1808 3062 1878 3128 in
1902 3079 2111 3128 unum
2136 3066 2577 3145 congregaret.
2605 3062 2733 3143 Qui
2750 3066 2803 3103 ¹¹
2830 3064 2923 3131 ita
2968 3064 3147 3130 fecit.

603 3179 606 3182 ·
667 3162 854 3245 Quae
893 3159 1190 3230 summus
1232 3163 1527 3247 pontifex
1553 3158 1876 3228 Runanus
1913 3161 1985 3264 in
2024 3160 2161 3226 Deo
2202 3160 2562 3241 benedixit,
2582 3168 2654 3229 et
2698 3163 2882 3247 larga
2933 3163 3256 3231 abun-¹³

671 3263 944 3332 dantia
924 3283 995 3330 in
1019 3262 1238 3329 varios
1262 3281 1423 3329 usus
1447 3261 1703 3347 repleta
1740 3265 1916 3327 sunt.

757 3372 826 3431 ’1.
857 3364 1024 3430 [tem
1051 3362 1178 3429 alio
1203 3367 1501 3445 tempore
1529 3360 1796 3445 triginta
1810 3379 2047 3429 vaccas
2068 3379 2220 3426 cum
2231 3363 2423 3426 tauro
2445 3359 2534 3427 ad
2552 3366 2854 3428 sanctum
2872 3359 3153 3428 Pechia-

671 3465 865 3530 num¹
897 3463 1105 3529 misit·
1088 3511 1107 3540 ,
1127 3462 1247 3529 sed
1272 3461 1379 3528 ille
1420 3481 1533 3528 eas
1577 3479 1860 3542 tenuem
1881 3478 2125 3544 easque
2153 3458 2566 3543 benedicens,
2591 3463 2769 3526 retro
2797 3460 3152 3546 imperavit

676 3562 772 3630 eis
798 3562 1040 3629 reverti
1085 3560 1174 3628 ad
1219 3560 1489 3629 easdem
1515 3559 1796 3646 pascuas
1810 3559 1857 3639 ¹,
1878 3578 1921 3625 a
1946 3559 2185 3643 quibus
2200 3563 2381 3644 'ante‘
2416 3564 2864 3644 perrexerant.
2891 3560 3149 3628 Vaccae

676 3665 904 3729 autem
940 3662 1081 3728 sine
1127 3680 1315 3727 mora
1368 3663 1597 3727 sancto
1638 3657 2062 3725 oboedientes
2109 3662 2587 3726 remeaverunt.
2644 3658 2927 3726 Sanctus
2989 3679 3148 3727 vero
3185 3673 3261 3737 a

676 3758 999 3828 Ri’inanus
1027 3761 1296 3828 easdem
1336 3779 1572 3827 vaccas
1610 3759 1851 3825 iterum
1869 3756 2119 3824 remisit
2146 3761 2214 3823 et
2249 3757 2380 3824 eis⁸
2406 3758 2753 3844 imperavit
2777 3760 2848 3826 in
2883 3760 3153 3827 nomine

681 3861 996 3931 Domini⁴
1022 3879 1387 3945 numquam
1406 3859 1496 3926 ad
1521 3879 1594 3926 se
1620 3858 1855 3924 redire.
1875 3856 2089 3939 Quod,
2110 3856 2248 3924 Deo
2276 3864 2625 3940 annuente,
2653 3878 2896 3942 pecora
2920 3860 3161 3943 imple-

687 4038 1159 4100 —2R8mnoa

757 4130 824 4186 Β.
847 4155 913 4169 -
936 4126 1328 4184 ¹convenisset
1359 4126 1508 4182 ΕΔ.
1532 4151 1598 4168 -
1618 4123 1948 4180 ’inclinanti
1981 4123 2050 4178 Β.
2073 4151 2138 4162 -
2172 4122 2198 4158 ⁸
2218 4122 2495 4179 Pelchiani
2525 4124 2758 4178 HL.—
2775 4124 2802 4160 ⁴
2825 4093 3159 4181 Felchianus
3203 4186 3214 4192 ,

690 4212 853 4269 E-
873 4209 1404 4266 ‘Deindeffl—
1433 4207 1772 4264 ‘Felchiano
1805 4205 1946 4261 HJ..
1968 4202 2529 4261 -vt'emntss-
2555 4205 2706 4261 ⁸om.
2738 4206 2973 4263 HL.—
2994 4207 3164 4263 ’Fel-

691 4294 978 4351 chianoL.
998 4325 1068 4337 —
1089 4293 1762 4360 ¹⁰(var.nsa)vasavar.
1789 4288 2251 4358 4—0quodA.

759 4380 827 4434 ’1.
849 4372 3164 4442 —1FelchianumH.L..—²ita&Humani-meadempascuaffpouoormlm-

692 4460 840 4517 ὀπι.
866 4461 1008 4515 aL.
1027 4487 1092 4498 -
1113 4456 1450 4513 ‘cm-istiu.

760 4632 835 4701 (1)
869 4630 1040 4686 Paulo
1063 4629 1224 4684 aliter
1253 4633 1475 4683 narrata
1496 4631 1629 4683 sunt
1649 4627 1829 4682 haec
1812 4643 1870 4682 in
1890 4625 2015 4681 Vita
2030 4624 2316 4681 hibernica
2337 4625 2392 4681 S.
2414 4567 2655 4690 Fechini,
2677 4642 2795 4695 cap.
2818 4626 2885 4681 29
2908 4628 3164 4694 (Coma,

698 4717 854 4779 Aac,
877 4719 916 4769 t.
940 4713 1057 4781 Lp.
1084 4712 1237 4779 136).
1264 4713 1343 4767 Cu
1309 4731 1454 4766 um...
1475 4712 1790 4782 pem'lentia
1812 4717 1863 4765 et
1891 4711 2068 4778 fames
2101 4712 2258 4762 iimm
2258 4726 2479 4763 nmmo
2485 4715 2667 4762 meren
2672 4717 2768 4762 eur
2736 4727 3101 4774 ἧσσα-επακ
3104 4720 3169 4766 nt

695 4800 759 4853 in
780 4798 1110 4853 monasterio
1128 4796 1401 4850 Favorini
1367 4796 1457 4849 nsi
1472 4802 1584 4849 tres
1605 4796 1786 4848 candi
1806 4810 1918 4848 um
1902 4795 2046 4847 fores
2069 4792 2252 4846 ΓεεΙιὴ
2252 4808 2310 4844 m
2313 4808 2358 4856 ε,
2390 4791 2589 4846 Uliam«
2559 4808 2625 4845 ιω
2640 4798 2689 4845 et
2711 4792 2979 4848 Bou-anun
3011 4795 3098 4860 fila·
3100 4811 3172 4849 ue

697 4882 994 4938 Maelii..
1016 4880 1090 4934 Ee
1101 4881 1260 4948 petiit
1286 4878 1342 4933 S.
1364 4877 1633 4932 Bonum
1664 4878 1827 4945 quod,
1861 4878 1993 4929 dum
2027 4878 2142 4944 ipse
2163 4877 2374 4938 vivoru,
2408 4873 2579 4927 nuuc·
2605 4875 2943 4929 subiceretur
2964 4881 3171 4946 patria

691 4971 1006 5019 merorum
1027 4962 1108 5016 vel
1122 4961 1363 5019 Iconium
1381 4959 1696 5014 incursibus
1717 4966 1816 5013 aut
1838 4953 2291 5035 infestationibus.
