3487 5450
321 1294 348 1319 ¹
373 1290 409 1344 f.
437 1291 514 1343 17.

336 3766 365 3796 ⁴
389 3767 424 3821 f.
452 3766 552 3820 17v.

662 565 805 640 322
1336 585 1913 638 HAGIOGRAPHICA
1962 585 2457 638 omanorum

652 748 1027 859 perageret.
1043 772 1546 839 Mactutinarum
1564 773 1729 837 hora
1753 774 2079 856 consurgit
2106 772 2396 837 etDeum
2418 772 2821 837 orationibus
2840 773 3136 856 pulsans,

666 875 1044 939 verberibus
1075 874 1405 937 acerrimis
1442 871 1750 937 confectis
1792 872 2091 937 lacrimas
2125 872 2444 937 fundebat
2471 892 2680 955 usque
2711 873 2796 937 ad
2825 892 3136 938 auroram

667 978 1182 1056 consurgentem.
1233 972 1377 1050 Qua
1406 972 1718 1055 incipiens
1748 971 1917 1036 circa
1945 971 2232 1035 libamen
2269 976 2334 1036 et
2361 971 2748 1036 sacrificium
2791 973 3141 1055 satagebat

669 1093 876 1156 usque
907 1073 989 1137 ad
1022 1073 1252 1137 horam
1282 1070 1930 1148 tertiarum.·Quibus
1958 1070 2239 1153 peractis
2269 1075 2333 1136 et
2363 1072 2625 1154 aliquali
2667 1077 2930 1155 sumpta
2973 1072 3144 1138 refe·

670 1173 882 1237 ctione
912 1192 1058 1236 cum
1094 1171 1399 1235 fratribus
1431 1171 1582 1249 suis,
1608 1175 1679 1235 ut
1710 1170 1869 1236 alias
1901 1170 2126 1252 agilius
2156 1170 2243 1234 ad
2270 1170 2613 1253 sequentia
2636 1191 2706 1235 se
2733 1176 3042 1253 paratum
3072 1172 3142 1237 in
3177 1192 3209 1237 5

672 1272 1032 1337 devotionis
1075 1275 1226 1335 actu
1270 1269 1591 1335 salubrius
1625 1272 1659 1309 *
1691 1270 2023 1351 reperiret,
2069 1269 2311 1352 aliquid
2363 1270 2665 1335 manibus
2716 1272 3143 1352 corporaliter

668 1363 1065 1452 operabatur
1094 1389 1301 1452 usque
1347 1368 1432 1434 ad
1462 1388 1793 1451 vesperas.
1821 1368 2014 1433 Horis
2044 1371 2197 1432 tunc
2220 1369 2544 1433 canonicis
2570 1369 2777 1446 dictis,
2810 1370 2896 1434 ad
2925 1370 3146 1452 pristi-

667 1489 826 1535 nam
854 1471 1208 1553 penitentie
1238 1488 1534 1533 mensam
1564 1467 1976 1533 redundabat
2002 1487 2080 1532 ex
2108 1468 2374 1549 integro.

754 1577 820 1635 9.
865 1569 1086 1634 Otium
1117 1569 1363 1651 fugiens
1408 1588 1669 1650 semper
1712 1566 1955 1650 aliquid
1985 1568 2139 1631 boni
2168 1567 2586 1649 operabatur,
2606 1572 2680 1632 ut
2708 1568 2962 1634 Sathan
2991 1588 3145 1633 eum

673 1669 972 1734 continue
1005 1670 1066 1733 in
1097 1670 1269 1733 bono
1312 1669 1647 1750 proposito
1692 1672 2082 1749 occupatum
2113 1671 2422 1732 cerneret.
2475 1667 2548 1730 In
2593 1667 2766 1732 victu
2796 1688 2872 1732 ac
2903 1669 3148 1733 vestitu
3187 1687 3249 1734 ιο

673 1770 959 1851 corporis
990 1768 1125 1833 eius
1155 1769 1290 1832 vita
1332 1767 1685 1849 asperitate
1714 1786 1835 1831 nec
1879 1786 2010 1830 non
2039 1766 2394 1849 penitentie
2422 1767 2617 1849 plena
2645 1767 2868 1849 palam
2897 1768 3146 1833 cunctis

673 1868 966 1934 redditur
994 1869 1073 1931 -in
1117 1866 1429 1949 exemplis
1473 1865 1768 1948 gloriosa.
1813 1865 2186 1948 Numquam
2236 1866 2408 1930 enim
2454 1885 2682 1931 carnes
2725 1867 3147 1932 commedens

675 1968 793 2032 sed
835 1968 1103 2032 assintio
1146 1967 1352 2030 mixto
1393 1964 1640 2048 poculis
1684 1963 1945 2030 assidue
1980 1965 2331 2029 ieiunabat.
2361 1965 2596 2030 Vinum
2623 1985 2861 2048 purum
2895 1965 3149 2048 fugiens

677 2086 936 2149 semper
965 2065 1176 2130 linfari
1205 2063 1602 2147 postulabat,
1632 2083 1715 2129 ne
1753 2064 1890 2129 eius
1929 2063 2357 2129 delectatione
2386 2068 2611 2146 posset
2632 2064 2865 2147 aliquis
2893 2064 3150 2131 luxurie

678 2185 794 2231 seu
822 2166 967 2247 gule
997 2164 1246 2246 captari
1281 2164 1527 2246 lapsus.
1580 2164 1649 2227 ln
1692 2164 1933 2228 vestitu
1975 2166 2198 2228 autem
2239 2163 2458 2228 taliter
2501 2183 2572 2227 se
2617 2163 3151 2242 habebat,nobili
3187 2181 3253 2229 ⁴5

681 2265 880 2329 cilicio
905 2264 1077 2328 feriis
1100 2264 1418 2340 secundis,
1442 2262 1693 2345 quartis
1725 2266 1791 2327 et
1820 2262 2020 2327 sextis
2052 2281 2316 2327 carnem
2340 2262 2636 2340 domans,
2661 2263 2973 2345 evigilans
3017 2265 3154 2329 sive

683 2364 1011 2428 dormiens
1034 2382 1294 2444 semper
1317 2362 1614 2427 habitum
1645 2361 2090 2443 presentabat.
2120 2362 2300 2427 Lana
2328 2381 2554 2445 grossa
2583 2381 2821 2445 corpus
2851 2364 3154 2446 operiens

684 2462 1088 2539 intrinsecuS‚
1118 2465 1332 2526 vestes
1360 2461 1519 2525 viles
1549 2461 1853 2543 gestabat
1884 2461 2255 2538 forinsecus,
2285 2480 2368 2525 ne
2401 2462 2557 2544 quid
2586 2465 2813 2527 contra
2851 2463 3154 2545 spiritum

682 2562 881 2627 vestis
931 2561 1386 2626 delectamenti
1434 2561 1796 2642 insurgeret
1859 2560 2081 2642 pestiS,
2140 2559 2378 2625 scilicet
2437 2560 2742 2643 superbie
2794 2561 2898 2626 vel
2953 2562 3157 2645 glorie
3229 2607 3236 2612 -

680 2662 910 2740 inaniS,
961 2661 1078 2727 sed
1121 2661 1338 2744 potius
1391 2659 1692 2744 exemplo
1741 2659 2122 2724 humilitatis
2168 2659 2429 2724 assiduo
2475 2660 2817 2736 frueretur,
2849 2680 2981 2744 qua
3022 2681 3157 2728 non
3197 2659 3266 2725 ω’

691 2762 895 2826 solum
930 2762 1346 2837 extrinsecus,
1377 2780 1607 2824 verum
1638 2759 1838 2825 etiam
1861 2760 2242 2825 viscerosius
2269 2760 2698 2825 habundabat
2728 2761 2844 2843 (1).

775 2869 889 2925 10.
932 2860 1124 2925 Unde
1152 2861 1234 2924 de
1264 2879 1340 2924 eo
1368 2859 1601 2941 legitur
1629 2859 1805 2942 quod
1847 2878 1995 2924 cum
2043 2859 2182 2924 eius
2227 2860 2403 2924 fama
2444 2879 2565 2942 per
2605 2863 2817 2924 totum
2860 2861 3162 2927 ordinem

690 2960 1053 3026 sanctitatis
1080 2960 1344 3035 nomine
1374 2958 1701 3039 divulgata
1732 2958 1977 3035 fuisset,
2009 2959 2325 3040 generalis
2356 2959 2526 3023 dicte
2567 2962 2792 3024 sancte
2833 2960 3162 3042 religionis

688 3061 913 3124 sa‘ncto
937 3060 1206 3122 Alberto
1237 3058 1466 3123 litteris
1497 3057 2041 3122 testimonialibus
2084 3058 2357 3123 mandat
2396 3059 2718 3124 instanter
2747 3060 2991 3126 debere
3019 3061 3164 3126 offl-

686 3161 857 3225 cium
876 3157 1379 3242 provincialatus
1413 3176 1767 3222 assumere.
1801 3156 2049 3235 Quibus
2072 3160 2368 3240 receptis,
2393 3158 2653 3222 humilis
2675 3162 2864 3242 pater
2887 3159 3064 3225 dolet
3091 3161 3160 3226 in
3197 3180 3265 3230 2⁸

684 3260 930 3324 honore
953 3277 1095 3322 esse
1115 3261 1473 3341 promotus,
1489 3256 1608 3320 sed
1630 3256 1871 3338 gaudet
1891 3257 2142 3338 positus
2164 3257 2230 3321 in
2250 3257 2495 3322 labore.
2510 3258 2705 3323 Vadit
2725 3258 2814 3323 ad
2826 3258 3157 3342 Virginem

688 3358 1030 3441 ipsamque
1061 3362 1201 3421 tota
1231 3356 1467 3420 mentis
1496 3355 1840 3420 devotione
1891 3345 2213 3438 precatur,
2260 3362 2602 3440 quatenus,
2647 3358 2701 3422 si
2741 3377 2861 3440 pro
2904 3359 3158 3425 meliori

690 3457 873 3535 foret,
902 3456 1023 3521 sibi
1075 3456 1522 3520 manifestaret
1573 3454 1858 3519 officium
1911 3454 2316 3520 sumendum.
2352 3456 2561 3542 Quem
2593 3457 2782 3539 Virgo
2815 3457 3157 3542 alloquens
3238 3464 3244 3470 ”

686 3555 824 3620 ait:
858 3553 1011 3618 Noli
1056 3552 1361 3634 dubitare,
1389 3553 1496 3617 secl
1539 3551 1844 3616 audacter
1884 3552 2126 3616 litteras
2167 3573 2358 3617 sume.
2401 3553 2535 3637 E'yo
2576 3556 2741 3617 enim
2792 3563 3000 3620 custos
3051 3558 3157 3620 tui

686 3661 885 3719 tecum
912 3673 1154 3736 semper
1181 3673 1303 3716 ero.
1331 3652 1410 3716 Et
1439 3652 1528 3716 sic
1558 3671 1677 3734 per
1708 3652 2193 3717 obhedientiam
2215 3652 2858 3736 admonitionemque
2880 3655 3160 3739 Virginis
3200 3677 3269 3729 ao

690 3752 1044 3817 salutarem
1088 3751 1369 3815 officium
1399 3769 1597 3832 grave
1627 3752 1925 3833 sumpsit.
1957 3753 1991 3790 *
2027 3749 2218 3828 Quod
2244 3770 2454 3834 usque
2483 3752 2570 3816 ad
2597 3757 2878 3818 mortem
2926 3760 3161 3821 tenens

689 3871 822 3917 non
849 3851 1212 3916 voluntarie
1243 3854 1544 3933 respectu
1573 3850 1838 3915 honoris
1868 3850 1933 3914 in
1964 3850 2209 3914 cunctis
2245 3850 2416 3916 circa
2457 3871 2685 3916 omnes
2727 3854 2998 3935 provide
3039 3874 3165 3921 nec

689 3971 822 4016 non
869 3950 1222 4014 iustissime
1246 3970 1335 4036 ⁴se
1363 3949 1594 4014 habuit
1623 3969 1849 4014 amore
1881 3949 2090 4032 magis
2121 3969 2321 4032 quam
2349 3950 2621 4029 timore3
2653 3953 3050 4019 unanimiter
3074 3955 3163 4021 ab

692 4050 994 4115 omnibus
1026 4050 1144 4114 fuit
1174 4053 1433 4114 amatus
1463 4053 1538 4114 ut
1565 4067 1758 4113 verus
1789 4049 1996 4131 gregis
2026 4047 2144 4113 Dei
2171 4049 2637 4131 pastor-bonus
2667 4051 2785 4133 (2).

781 4157 887 4213 11.
937 4148 1159 4213 Simile
1203 4148 1578 4230 exemplum
1623 4148 1888 4229 insuper
1931 4146 2013 4212 de
2043 4167 2119 4212 eo
2149 4147 2402 4231 legitur.
2436 4147 2601 4214 Cum
2632 4149 2804 4214 enim
2834 4151 2922 4215 ad
2949 4171 3171 4218 sacer·
3207 4171 3279 4222 aa

694 4248 854 4314 dotii
903 4248 1286 4330 dignitatem
1336 4247 1573 4311 invitus
1630 4250 2092 4323 assumeretur,
2153 4246 2218 4312 in
2274 4248 2394 4313 hec
2449 4248 2681 4313 habuit
2739 4268 3168 4335 prorumpere

693 4349 898 4413 verba
929 4370 946 4412 ε
975 4346 1249 4430 Iudiyno
1278 4346 1435 4409 mihi
1462 4346 1774 4431 nzmzquid
1801 4345 2101 4409 incumbit
2130 4353 2376 4410 tantum
2405 4348 2775 4412 ministrare
2801 4370 3168 4417 sacramen·-

695 4454 824 4512 tum
854 4447 1109 4531 populo,
1140 4466 1276 4510 cum
1312 4466 1419 4509 nec
1464 4445 1552 4508 ad
1593 4445 1800 4509 divini
1840 4446 2044 4510 cultam
2085 4445 2397 4528 honorem,
2439 4447 2669 4512 scilicet
2698 4449 3042 4534 reliqioniS,
3071 4474 3172 4517 me

700 4568 824 4612 non
869 4545 1157 4629 sufficere
1187 4547 1444 4629 penitus
1481 4546 1752 4629 inspicio
1773 4544 1807 4609 ,2
1827 4545 1960 4610 Sed
2004 4545 2319 4628 superiori
2346 4546 2704 4612 obhediens
2732 4549 3073 4616 ordinatus
3100 4553 3173 4618 in

765 4797 837 4861 (1)
873 4796 936 4848 In
961 4793 1246 4848 referendo
1263 4809 1405 4862 quae
1428 4795 1589 4862 cap.8
1609 4798 1665 4848 et
1680 4794 1714 4848 9
1737 4793 1960 4877 recitata
1983 4798 2127 4858 sunt,
2139 4794 2387 4849 ordinem
2414 4795 2697 4864 paululum
2722 4797 3056 4865 permiscent
3067 4805 3178 4864 2-5,

699 4883 756 4933 et
777 4877 893 4947 pari
927 4877 1150 4946 quidem
1174 4876 1360 4930 mode.
1381 4904 1446 4916 —
1470 4877 1542 4944 (2)
1579 4878 1857 4946 Integrum
1882 4894 2000 4946 cap.
2026 4879 2090 4932 10
2110 4876 2377 4931 omittitur
2408 4878 2465 4932 in
2488 4882 2521 4931 2
2543 4882 2600 4932 et
2636 4885 2698 4946 5,·
2720 4881 2957 4935 occurrit
2977 4887 3178 4939 autem

698 4976 873 5030 usque
909 4959 978 5014 ad
1002 4959 1170 5014 verba
1193 4976 1400 5028 semper
1421 4977 1513 5013 ero
1536 4960 1591 5013 in
1613 4963 1662 5025 4,
1685 4975 1740 5013 n.
1763 4960 1923 5024 219*st
1949 4959 2146 5016 exinde
2172 4964 2565 5029 transportatus
2588 4960 2644 5014 in
2666 4966 2715 5028 3,
2737 4977 2791 5031 p.
2811 4962 2928 5030 236,
2945 4979 3000 5019 n.
3021 4965 3076 5021 2
