3487 5450
1216 631 1567 684 Arrnnmx
1612 632 1766 685 xxl.
2579 610 2726 684 203

247 821 481 887 beatus
510 819 804 886 Florinus
832 819 1038 885 astitit
1076 820 1299 885 dicens
1327 842 1347 885 t
1377 818 1571 885 Nunc
1593 822 1824 905 optime
1859 821 2118 905 fecistis,
2148 823 2301 906 quia
2349 821 2726 906 ieiunando,

249 918 572 1006 viqa'lando
597 926 653 984 et
678 919 924 984 orando
950 919 1454 985 misericordiam
1481 919 1839 985 Salvatoris
1863 922 2282 1005 implorastis,
2318 921 2728 1006 Quapropter

250 1019 417 1105 quod
440 1021 624 1084 tertio
652 1020 948 1103 praecepi
973 1020 1104 1100 tibi,
1140 1020 1273 1083 sine
1313 1039 1496 1084 mora
1521 1019 1781 1103 implere
1817 1027 2168 1105 properate.
2208 1020 2725 1104 Expergefactus

248 1120 473 1203 itaque
492 1118 883 1184 Saturninus
910 1119 1271 1202 presbyter,
1294 1119 1709 1202 quod⁶sacra
1731 1120 2128 1185 revelatione
2149 1120 2468 1202 cognovit,
2485 1120 2727 1186 ceteris

194 1235 223 1283 5
250 1218 592 1284 nuntiavit.
616 1220 704 1284 At
725 1219 813 1284 illi
835 1219 1069 1284 eadem
1088 1218 1486 1285 revelatione
1501 1218 1854 1295 laetificati,
1875 1219 2217 1284 confestim
2238 1219 2326 1284 ad
2348 1219 2727 1302 sepulcrum

249 1317 427 1383 beati
447 1319 570 1383 viri
589 1338 740 1383 cum
767 1319 947 1383 omni
971 1317 1344 1384 reverentia
1372 1321 1438 1385 et
1461 1318 1825 1396 devotione,
1856 1337 2004 1383 cum
2023 1318 2439 1400 lampadibus
2462 1337 2727 1403 quoque

244 1421 315 1483 et
368 1417 691 1496 turibulis,
751 1421 1183 1483 accesserunt.
1242 1416 1640 1483 Effodientes
1699 1437 1856 1483 vero
1914 1436 2149 1500 corpus
2207 1418 2344 1482 eius
2400 1417 2729 1501 integrum

252 1519 318 1581 et
362 1517 816 1600 incorruptum
868 1517 1279 1595 invenerunt,
1332 1517 1599 1606 capillos
1657 1536 1921 1601 quoque
1977 1518 2386 1600 barbamque
2442 1517 2727 1584 crevisse

250 1616 567 1682 mirantes
595 1621 664 1682 et
692 1616 1095 1681 exsultantes
1126 1616 1451 1682 viderunt.

167 1728 222 1778 ω
339 1723 460 1780 10.
507 1715 699 1781 Unde
728 1719 794 1780 et
820 1735 1049 1781 omnes
1077 1716 1408 1781 communi
1435 1714 1697 1799 consilio
1727 1716 2156 1782 decreverunt
2184 1736 2421 1799 corpus
2449 1717 2732 1782 sanctis·
2785 1773 2788 1775 ,

253 1814 495 1881 simum
520 1814 743 1894 lavari,
773 1815 1053 1879 barbam
1088 1814 1253 1892 radi,
1283 1814 1548 1897 capillos
1586 1833 1853 1898 quoque
1881 1815 2157 1894 tonderi,
2187 1819 2254 1880 et
2296 1819 2369 1880 ut
2409 1816 2732 1880 maiorem

252 1915 691 1997 reverentiam
718 1917 1136 1979 sacrosancto
1177 1914 1432 1996 corpori
1465 1912 1870 1993 exhiberent,
1898 1915 2149 1998 liquore
2177 1915 2329 1997 vini,
2358 1916 2415 1980 si
2442 1915 2729 1995 adesset,

253 2014 416 2079 haec
434 2014 663 2098 peragi
683 2016 1064 2079 sanxerunt.
1081 2013 1266 2078 Tunc
1285 2012 1676 2078 Saturninus
1696 2013 2042 2097 presbyter
2063 2014 2226 2079 dixit
2249 2015 2368 2079 eis:
2388 2014 2732 2079 Vasculum

255 2114 396 2176 vino
430 2113 687 2197 plenum
727 2112 918 2176 habeo
962 2115 1029 2176 in
1072 2113 1325 2177 castello
1374 2119 1608 2178 nostro.
1636 2112 1771 2178 Sed
1812 2116 1967 2197 quia
2005 2114 2103 2179 vis
2147 2114 2383 2196 algoris
2426 2114 2731 2179 hiemalis

169 2221 227 2272 ⁴⁶
254 2212 428 2277 idem
477 2212 703 2277 vinum
753 2213 821 2276 in
864 2212 1136 2296 glaciem
1179 2211 1456 2277 solidam
1503 2202 1963 2291 obduraverat,
2006 2213 2268 2277 haurire
2315 2212 2471 2278 illud
2520 2233 2725 2279 nemo

254 2312 536 2377 valebat.
559 2310 692 2376 Sed
714 2331 863 2377 curn
885 2310 1198 2394 praedicti
1227 2311 1526 2376 homiues
1548 2311 1631 2376 de
1659 2312 1837 2378 beati
1867 2312 2104 2377 Florini
2124 2312 2472 2378 sanctitate
2501 2312 2726 2377 adhuc

255 2410 710 2487 haesitassent,
754 2411 1105 2493 cupiebant
1146 2414 1214 2475 et
1250 2410 1377 2475 boc
1417 2411 1613 2476 modo
1661 2412 1974 2477 virtutum
2020 2411 2158 2476 eius
2204 2410 2732 2494 magnitudinem

257 2510 647 2593 approbare,
669 2509 997 2574 dicentes:
1024 2507 1097 2573 Sa·
1118 2510 1352 2573 viriste
1372 2510 1616 2574 amicus
1641 2509 1766 2574 Dei
1785 2512 2224 2594 omnipotentis
2247 2517 2355 2590 est,
2384 2511 2546 2573 sicut
2571 2511 2734 2574 olim

258 2609 386 2673 eius
409 2610 778 2673 orationum
810 2608 1055 2673 obtentu
1078 2608 1399 2674 Dominus
1424 2629 1658 2694 aquam
1688 2611 1956 2673 mutavit
1984 2611 2052 2673 in
2079 2610 2314 2690 vinum,
2342 2610 2436 2673 ita
2469 2615 2525 2674 et
2552 2630 2731 2674 nunc

170 2722 231 2774 w
258 2729 368 2792 per
404 2708 613 2793 ipsius
640 2708 1051 2773 interventum
1080 2709 1148 2772 in
1167 2708 1457 2792 priorem
1496 2714 1731 2774 statum
1772 2707 2033 2773 reducat
2060 2710 2279 2773 vinum
2320 2708 2734 2793 conqelatum.

261 2805 378 2873 His
397 2808 610 2884 dictis,
629 2808 949 2872 miserunt
970 2801 1304 2891 quendam
1324 2807 1690 2884 diaconum,
1705 2808 1968 2873 nomine
1988 2808 2353 2886 Passivum,
2377 2808 2465 2873 ad
2485 2808 2730 2873 castel-

263 2905 412 2987 lum,
431 2908 504 2973 in
526 2927 657 2990 quo
678 2907 903 2972 vinum
924 2911 1068 2971 erat
1094 2906 1411 2990 positum3
1435 2907 1547 2991 qui
1574 2906 1938 2984 cumffvellet
1967 2908 2050 2973 de
2071 2927 2229 2973 vase
2249 2909 2472 2973 vinum
2498 2927 2737 2990 conge-

266 3005 467 3073 latum
498 3007 817 3084 emittere,
845 3006 940 3071 ita
966 3009 1131 3073 nutu
1158 3005 1280 3071 Dei
1305 3007 1594 3089 repperit
1620 3006 2043 3090 liquefactum
2070 3011 2137 3072 et
2165 3011 2393 3071 contra
2421 3010 2736 3072 naturam

268 3125 453 3172 suam
495 3106 837 3194 fervidum,
869 3106 1055 3188 quasi
1081 3125 1202 3170 vas
1231 3106 1446 3188 ipsum
1481 3106 1629 3187 igne
1669 3105 1898 3172 fuisset
1930 3124 2333 3171 succensum.
2364 3104 2554 3170 Unde
2595 3106 2735 3171 Deo

176 3217 239 3267 ιι
269 3206 506 3288 gratias
534 3225 758 3288 agens,
780 3209 1121 3288 assumpto
1138 3205 1319 3284 ⁴vin0,
1340 3204 1428 3270 ad
1457 3204 1799 3270 ecclesiam
1825 3206 2206 3276 revertitur,¹
2229 3209 2295 3271 et
2318 3225 2359 3270 a
2387 3205 2737 3271 cunctis’se

275 3304 800 3389 exspectantibus
849 3304 1211 3386 gaudenter
1239 3304 1573 3386 excipitur.
1600 3303 1896 3386 Denique
1944 3305 2063 3369 viri
2112 3305 2391 3386 religiosi
2437 3305 2738 3370 lavantes

276 3408 494 3488 optato
517 3404 766 3487 liquore
788 3422 1024 3485 corpus
1044 3403 1562 3468 sacratissimum
1570 3403 1618 3482 ²,
1629 3404 1895 3486 capillos
1916 3404 2340 3469 totonderunt
2361 3423 2438 3468 ac
2455 3404 2740 3470 barbam

274 3507 589 3579 raserunt,
618 3507 819 3586 atque
846 3503 947 3567 his
977 3502 1498 3568 reverentissime
1536 3503 1840 3585 peractis,
1869 3503 2081 3568 omnis
2110 3503 2318 3568 clerus
2349 3522 2426 3568 ac
2453 3503 2740 3586 populus

280 3622 421 3668 cum
442 3603 705 3687 hymnis
746 3606 813 3666 et
839 3602 1141 3666 laudibus
1182 3602 1393 3667 sancti
1431 3602 1552 3667 viri
1596 3620 1834 3684 corpus
1862 3606 2012 3685 post
2055 3602 2262 3666 altare
2303 3595 2510 3667 sancti
2539 3602 2738 3682 Petri,

183 3719 245 3771 30
280 3701 602 3784 sicutipse
628 3706 1077 3784 praeceperat,
1104 3700 1457 3766 honorifice
1483 3701 1898 3784 sepelierunt.
1923 3702 1996 3766 In
2026 3721 2154 3784 quo
2185 3701 2324 3765 loco
2355 3720 2473 3782 per
2502 3702 2741 3767 merita

284 3801 416 3866 eius
443 3802 720 3884 gloriosa
745 3802 1087 3866 innumera
1116 3820 1157 3864 a
1185 3799 1463 3865 Domino
1491 3800 1826 3882 signorum
1849 3801 2022 3865 facta
2052 3805 2204 3864 sunt
2232 3800 2566 3865 miracula.
2589 3801 2743 3884 Ipse

287 3900 451 3965 enim
486 3901 701 3966 adhuc
742 3901 967 3965 vivens
1008 3901 1249 3966 virtute
1278 3898 1515 3965 Christi
1556 3900 1852 3983 prodigia
1893 3900 2099 3964 multa
2141 3900 2458 3982 patravit3
2487 3919 2646 3965 nam
2676 3903 2743 3965 et

287 4019 520 4082 aquam
539 4001 843 4066 invinum
864 3999 1162 4072 mutavit,
1174 4004 1238 4064 et
1254 4000 1430 4064 bona
1450 3999 1799 4064 didascali⁸
1813 3999 1913 4064 sui
1933 3999 2372 4082 procurationi
2393 4018 2553 4064 suae
2574 4019 2746 4065 com-

288 4099 479 4165 missa
517 4099 874 4165 incredibili
920 4100 1323 4163 incremento
1363 4097 1717 4180 ampliavit.
1763 4098 1837 4162 In
1877 4098 2008 4162 fine
2059 4117 2320 4181 quoque
2365 4097 2540 4162 vitae
2583 4118 2745 4164 suae

186 4213 254 4264 3⁵
290 4197 602 4281 discipulis
643 4203 707 4263 et
736 4198 995 4263 'civibus
1039 4198 1192 4276 suiS,
1224 4197 1383 4280 quid
1428 4217 1582 4279 erga
1623 4217 1696 4261 se
1738 4202 1889 4280 post
1930 4197 2182 4262 obitum
2225 4216 2418 4261 suum
2447 4197 2740 4263 futurum

296 4301 455 4362 esset
467 4298 512 4375 ⁴,
540 4317 623 4362 ex
666 4296 887 4361 divina
925 4296 1320 4361 revelatione
1360 4296 1845 4378 praenuntiavIt
1861 4297 1904 4359 ⁵.
1937 4295 2296 4378 Postquam
2319 4315 2474 4360 vero
2502 4296 2586 4360 de
2614 4296 2741 4362 hoc

297 4397 539 4462 saeculo
581 4400 682 4461 est
725 4399 1099 4478 assumptus
1142 4400 1343 4478 atque
1383 4399 1760 4460 sanctorum
1809 4395 2186 4477 angelorum
2229 4395 2518 4459 coetibus
2560 4415 2748 4460 asso-

299 4495 508 4573 ciatus,
522 4495 818 4580 plurimis
842 4499 938 4559 est
960 4495 1305 4560 virtutibus
1327 4514 1368 4559 a
1385 4493 1662 4559 Domino
1685 4494 2098 4576 glorificatus.
2115 4493 2281 4559 Cum
2306 4494 2478 4558 enim
2502 4514 2739 4577 corpus

303 4595 427 4660 eius
445 4597 611 4670 vin0,
635 4595 802 4660 sicut
830 4594 1128 4678 superius
1157 4594 1403 4659 dictum
1422 4598 1545 4670 est,
1564 4593 1957 4673 ablueretur,
1980 4594 2272 4659 eiusdem
2300 4594 2431 4658 vini
2452 4594 2735 4659 defluxio

198 4703 269 4755 ιο
306 4693 367 4757 in
389 4695 735 4761 flasconem
772 4694 1119 4776 suscipitur
1149 4696 1215 4757 et
1242 4713 1440 4776 super
1469 4694 1770 4758 tumbam
1798 4694 2004 4758 sancti
2031 4694 2151 4758 viri
2179 4693 2616 4775 suspenditur.
2647 4692 2743 4758 Ex

312 4836 408 4874 ...⁸

374 4840 1032 4973 13¹f²⁸lffi³iev0m2a-
1066 4915 1516 4972 *saneti-imum
1560 4919 1628 4971 ο.
1658 4915 2056 4970 -2didaseu1i
2099 4919 2256 4971 a-
2293 4917 2390 4970 *et
2425 4918 2550 4970 aaa
2596 4916 2754 4971 o.—

312 4996 702 5067 ‘mmtiavit
720 5003 789 5055 0.
2629 4999 2635 5005 “
