3487 5450
1232 593 1793 649 mamam.
2647 577 2749 650 99
2878 632 2881 635 2

352 787 644 851 Alterum
660 785 898 868 fontem
926 783 1228 849 adierunt
1266 783 1781 869 Windberqenses
1801 785 1919 870 (1),
1944 804 2164 869 tiernpe

356 916 450 981 11.
484 917 927 983 Lucanum
955 915 1228 1002 aliquod,
1261 923 1319 981 et
1360 916 1630 1002 quidem,
1653 918 1786 981 nisi
1811 917 2190 982 vehementer
2212 918 2443 1000 fallor,
2470 918 2637 984 idem
2664 920 2759 985 vel

268 1017 668 1083 simillimum
689 1016 788 1080 illi
832 1015 999 1102 quod
1040 1016 1342 1100 expilaoit
1367 1017 1652 1080 collector
1691 1018 2079 1082 austriacas.
2105 1016 2398 1082 Ducenta
2432 1021 2599 1082 enim
2627 1021 2757 1083 cir-

270 1116 424 1178 citer
464 1113 839 1178 documenta
865 1111 1364 1198 haqioqraphica
1385 1114 1634 1198 utrique
1653 1112 2055 1199 Leqendario
2078 1117 2439 1204 communia
2459 1123 2632 1197 sunt,
2652 1118 2751 1182 ita

271 1215 583 1277 nimirum
632 1219 704 1276 ut
753 1233 881 1277 non
924 1212 1130 1277 solum
1179 1211 1438 1277 eandem
1480 1212 1994 1277 documentorum
2035 1213 2295 1278 illorum
2338 1216 2761 1287 recensionem.

272 1311 624 1393 exhibeant,
663 1311 771 1376 sed
815 1318 873 1376 et
914 1332 1097 1397 saepe
1135 1311 1379 1376 easdem
1424 1311 1679 1376 illorum
1714 1320 1938 1395 partes
1970 1315 2532 1397 praeta-miserint,
2558 1314 2757 1380 eidem

295 1412 480 1476 Vitae
507 1412 598 1476 cel
621 1411 926 1476 Passioni
945 1409 1191 1475 easdem
1219 1411 1626 1476 narrationes
1654 1410 1731 1476 de
1756 1412 2284 1477 translationibus
2302 1413 2395 1477 vel
2423 1415 2759 1482 miraculis

277 1511 734 1593 adiunxerint;
774 1510 942 1596 quod
983 1511 1260 1574 maxime
1286 1510 1494 1575 videre
1532 1517 1622 1575 est
1660 1510 1730 1575 in
1771 1510 2037 1576 Hilario
2081 1511 2463 1577 Pictaoiensi
2503 1514 2760 1597 (supra,

276 1611 363 1675 13
377 1612 558 1692 ian.),
585 1611 655 1673 in
679 1608 997 1675 Faustino
1017 1618 1074 1673 et
1095 1607 1301 1674 Iovita
1323 1608 1522 1693 (ibid,
1544 1611 1625 1674 15
1642 1608 1850 1693 febr.),
1871 1612 1940 1673 in
1965 1609 2761 1698 Hildulfo(ibid.,11iul.),

273 1711 345 1774 in
390 1709 711 1774 Ianuario
755 1709 1190 1773 Beneventano
1231 1707 1432 1790 (ibid,
1467 1710 1549 1773 19
1591 1713 1758 1794 oct.),
1786 1713 1855 1772 in
1887 1708 2159 1774 Nicolao
2186 1709 2387 1794 (ibid,
2413 1712 2458 1776 6
2476 1711 2656 1797 dec.).

359 1807 450 1872 Et
475 1807 581 1871 hic
599 1807 855 1893 quidem
895 1806 1368 1893 aliquantulum
1407 1807 1887 1872 immorandum
1929 1828 2242 1874 censemus
2281 1811 2355 1873 in
2394 1830 2525 1874 uno
2565 1817 2758 1891 tectu,

279 1928 485 1993 quem,
542 1906 698 1971 dum
754 1907 991 1972 codices
1042 1906 1390 1992 leyendarii
1436 1906 1907 1986 scrutabamur,
1945 1910 2236 1992 primum
2280 1908 2476 1973 valde
2527 1910 2759 1975 mirati

279 2027 522 2071 sumus.
574 2004 696 2071 Est
732 2005 886 2071 haec
925 2006 1275 2090 sinqularis
1316 2005 1624 2091 quaedam
1666 2008 1927 2090 epitome
1990 2006 2170 2071 Vitae
2215 2007 2525 2072 Germani
2565 2008 2762 2073 Pari-

281 2107 530 2189 siensis,
559 2126 722 2191 quae
747 2114 880 2171 tota
903 2112 1145 2171 constat
1168 2106 1472 2189 excerptis
1514 2126 1547 2169 e
1574 2104 1926 2171 Fortunati
1964 2105 2163 2171 libello
2191 2107 2287 2191 (2)
2318 2106 2762 2193 paraqraphis

281 2209 452 2280 1-11,
483 2206 586 2287 13,
616 2204 719 2288 14,
746 2206 848 2287 16,
875 2206 978 2287 20,
1006 2206 1108 2285 69,
1139 2206 1233 2287 70,
1278 2205 1420 2288 178,
1450 2205 1594 2288 179,
1636 2205 1936 2285 206-208,
1965 2212 2019 2269 a
2049 2206 2300 2291 quidem
2326 2208 2420 2271 ita
2439 2215 2511 2271 ut
2538 2215 2761 2272 auctor
2854 2198 2867 2208 ’

277 2311 518 2368 tactum
541 2301 891 2368 Fortunati
915 2324 1099 2388 saepe
1126 2304 1537 2388 exscripserit,
1583 2303 1863 2389 lonqiore
1889 2310 2099 2369 tamen
2143 2303 2470 2370 verborum
2512 2305 2757 2372 ambitu

277 2404 411 2485 fere
450 2405 539 2467 sit
581 2422 736 2468 usus
783 2404 900 2488 (3).
950 2402 1226 2469 Omnino
1265 2403 1481 2486 differt
1522 2402 1641 2467 illa
1681 2404 1944 2487 epitome
1984 2402 2061 2468 ab
2124 2424 2197 2468 ea
2263 2426 2456 2490 quam
2497 2407 2762 2488 confecit
2890 2458 2893 2461 n

297 2501 719 2585 Wolfliardus
766 2503 862 2587 (4)
914 2509 971 2567 et
1011 2523 1202 2588 quam
1243 2503 1529 2567 collector
1584 2502 2090 2588 Windberqensis
2139 2503 2228 2567 ad
2274 2503 2339 2569 d.
2375 2504 2460 2568 28
2494 2508 2631 2569 mai
2657 2505 2756 2591 (5)

287 2603 633 2686 ascripsit.
663 2600 838 2666 Huic
857 2608 1061 2667 autem
1095 2602 1282 2667 alteri
1302 2604 1626 2687 epitomae,
1654 2601 1731 2667 de
1758 2622 1889 2688 qua
1919 2623 2090 2666 nunc
2132 2603 2454 2688 loquimur
2480 2611 2538 2669 et
2566 2625 2756 2691 quam

285 2702 444 2767 idem
474 2700 567 2766 ad
597 2700 660 2766 d.
685 2700 725 2765 1
753 2708 868 2766 oct.
896 2703 966 2766 in
989 2721 1177 2766 suum
1198 2701 1630 2787 leyendarium
1672 2702 1900 2786 recepit
1928 2703 2044 2788 (6),
2097 2700 2166 2766 id
2194 2709 2283 2768 est
2309 2704 2587 2769 maxime
2603 2722 2764 2789 pro-

275 2804 515 2885 prium,
542 2800 714 2883 quod
742 2803 809 2865 in
830 2822 1029 2865 unam
1056 2802 1494 2866 narrationem
1537 2803 1953 2886 composuerit
1992 2803 2368 2886 epitomator-
2390 2803 2758 2888 fraqmenta

284 2906 431 2983 tria,
456 2921 620 2987 quae
637 2920 714 2964 ex
733 2901 832 2984 §3
861 2902 962 2981 16,
990 2901 1074 2964 20
1095 2908 1152 2966 et
1170 2902 1254 2966 69
1275 2899 1622 2966 Fortunati
1647 2901 1968 2986 expilavit,
1997 2899 2107 2965 ubi
2134 2907 2347 2965 tamen
2376 2922 2503 2966 non
2525 2902 2602 2966 de
2624 2923 2758 2968 una

284 3022 371 3084 re,
389 3001 498 3065 sed
527 2999 606 3063 de
632 2999 833 3063 tribus
850 2999 1048 3083 plane
1068 2998 1334 3064 diversis
1351 2998 1536 3064 rebus
1554 3006 1644 3063 est
1665 3020 1894 3064 sermo.
1931 2998 2293 3064 Monstrum
2312 3000 2478 3064 illud
2500 3000 2755 3086 subicio,

284 3099 596 3185 appositis
616 3098 771 3162 locis
799 3096 1171 3163 Fortunati.

370 3246 738 3314 Chariulfus
759 3245 1031 3330 quidam
1059 3246 1347 3312 Francus
1370 3250 1473 3312 tu·
1655 3246 2067 3312 Foarumrus
2116 3247 2165 3330 ,ξ’
2225 3249 2330 3312 16.
2389 3247 2799 3346 Chariulfus-

1572 3346 1844 3429 quidam
1913 3345 2199 3411 Francus
2268 3347 2513 3430 partim
2568 3347 2760 3413 villae

1570 3445 1877 3511 basilicae
1893 3464 2002 3510 res
2023 3445 2393 3511 obstinatus
2405 3446 2762 3513 invaserat.

284 3550 553 3613 sanctae
595 3546 903 3613 basilicae
932 3547 1224 3612 debitam
1249 3546 1472 3630 rapaci
1571 3544 1785 3623 Quem
1833 3564 1985 3609 cum
2040 3544 2141 3609 vir
2192 3543 2313 3610 Dei
2353 3545 2442 3610 ad
2481 3545 2764 3612 redden-

1571 3643 1732 3709 dum
1799 3644 2210 3727 aliquatenus
2282 3649 2729 3712 commoneret
2742 3695 2761 3724 ,

1567 3761 1692 3808 nec
1746 3746 1971 3808 tamen
2024 3741 2392 3826 proficeret,
2459 3743 2548 3808 ad
2614 3763 2765 3810 ora-

283 3847 399 3909 tus
432 3844 697 3910 reddere
738 3844 1128 3927 denegabat.
1169 3842 1473 3908 Protinus
1570 3844 1817 3908 tionem
1844 3863 1916 3908 se
1943 3842 2283 3907 convertit.

284 3991 594 4058 sacerdos
641 3992 732 4058 ad
778 3992 958 4057 beati
1014 3990 1476 4075 symphoriani
1571 3940 2766 4125 ωξθῖἶίξᾙὲἱῗῷζξιοίῗξᾟξᾞ

284 4140 659 4223 sepulcrum
725 4139 1108 4224 provolutus
1184 4139 1477 4206 incubuit
1572 4139 1785 4205 sancti
1850 4138 2313 4223 Symphoriani
2347 4089 2364 4105 Ο
2391 4090 2765 4223 sepulcrum

286 3396 467 3462 mida
532 3396 783 3461 cervice
843 3401 1190 3479 protervus
1251 3395 1472 3461 villam

285 3693 518 3761 fraude
545 3696 935 3780 subripiam,
964 3694 1226 3778 saepius
1251 3693 1473 3777 pulsa-

347 4306 429 4373 (1)
446 4305 537 4360 Est
557 4306 650 4361 ubi
672 4321 743 4360 ex
763 4310 998 4376 utroque
1021 4305 1174 4360 fonte
1198 4305 1591 4360 documentum
1617 4304 1685 4360 de
1710 4305 1905 4360 eodem
1930 4308 2118 4359 sancto
2144 4304 2414 4372 acceperit
2437 4304 2761 4373 Legendarii

280 4389 564 4452 collector,
588 4404 716 4443 cum
741 4404 944 4457 nempe
979 4387 1091 4442 alio
1116 4389 1239 4442 loco
1273 4388 1424 4442 illam
1454 4388 1745 4457 epitomen,
1769 4404 1911 4457 quae
1936 4388 1991 4440 in
2017 4387 2174 4441 Wolf
2190 4388 2347 4441 hardi
2371 4387 2761 4456 martyrolog-io

280 4472 502 4540 legitur,
533 4472 642 4526 alio
665 4475 884 4526 textum
908 4487 1073 4540 quem
1099 4472 1155 4524 in
1192 4471 1527 4539 Legendario
1552 4472 1719 4525 etiam
1759 4471 2030 4525 austriaco
2069 4470 2389 4538 reperimus.
2418 4470 2761 4539 excripserit3

284 4560 348 4608 ut
369 4553 581 4606 factum
616 4558 702 4608 est
721 4553 778 4607 in
803 4553 973 4607 Paula
1011 4552 1173 4607 vidua
1194 4553 1355 4614 (infra
1380 4553 1468 4607 32⁰
1496 4557 1551 4607 et
1582 4554 1710 4620 39⁰).
1734 4553 1793 4606 in
1827 4553 2059 4606 Arnulfo
2095 4551 2343 4606 Mettensi
2383 4552 2528 4612 (ibid.
2566 4553 2686 4606 167·
2708 4557 2764 4606 et

289 4637 455 4700 168⁰),
477 4634 532 4688 in
556 4636 832 4689 Germano
859 4635 1150 4689 parisiensi
1183 4635 1335 4698 (ibid.
1364 4635 1489 4689 1260
1513 4640 1569 4689 et
1591 4636 1750 4698 252⁶),
1773 4636 1829 4688 in
1855 4634 2129 4689 Germano
2155 4633 2588 4688 Autisiodorensi
2615 4633 2765 4701 (ibid,

287 4718 414 4771 182⁰
440 4717 664 4781 etffisv).
684 4745 754 4757 —
776 4718 851 4784 (2)
881 4719 1025 4782 JIG„
1048 4723 1188 4772 auct.
1212 4721 1323 4772 ant.
1347 4721 1384 4771 t.
1403 4717 1495 4783 IV,
1526 4718 1575 4775 Ξ.
1601 4734 1651 4786 p.
1680 4717 1844 4771 1137.
1872 4746 1933 4756 —
1958 4717 2031 4782 (3³³
2053 4717 2259 4770 Textus
2286 4716 2463 4769 editus
2481 4715 2539 4769 in
2573 4720 2764 4769 nostro

288 4803 477 4856 catal.
504 4803 615 4854 cod.
653 4801 780 4867 hay.
803 4802 897 4854 lat.
922 4801 1042 4853 bibl.
1066 4809 1178 4855 nat.
1202 4801 1400 4864 Paris„
1424 4804 1461 4854 t.
1485 4800 1523 4865 Ι,
1548 4816 1598 4868 p.
1619 4800 1735 4863 483,
1762 4800 1988 4853 omnino
2014 4797 2272 4853 convenit
2294 4814 2421 4852 cum
2445 4797 2600 4851 initio
2618 4797 2764 4852 illius

279 4883 577 4951 epitomae,
609 4882 681 4936 de
711 4898 823 4951 qua
854 4897 1018 4936 nunc.
1043 4910 1111 4923 —
1143 4884 1216 4948 (4)
1241 4882 1322 4936 De
1347 4898 1415 4937 ea
1434 4897 1634 4951 nempe
1665 4882 1776 4936 vid.
1797 4897 1940 4950 quae
1963 4880 2278 4949 scripsimus
2301 4896 2481 4949 supra,
2505 4896 2556 4948 p.
2581 4880 2663 4934 14.
2697 4906 2766 4920 —

281 4969 353 5032 (5)
378 4965 468 5022 Cf.
493 4964 644 5031 inira,
671 4964 989 5032 ffl.—(6)
1013 4964 1094 5020 cf.
1116 4964 1261 5031 ibid..
1281 4965 1423 5020 52⁰.
