3487 5450
1184 641 1537 695 mmlx
1581 643 1757 698 xxn.
2561 625 2711 703 205

222 831 803 902 quidemnepeesta
833 829 978 898 Vita,
1014 832 1544 903 quamnquam-in
1579 830 1918 891 ama-im
1950 838 2009 891 et
2045 833 2366 891 bavaricum
2398 835 2707 903 continent,

222 928 387 1000 atque
419 935 507 987 tot
535 935 668 987 sunt
685 930 953 987 lectiones
971 931 1264 998 variantes.
1283 937 1349 989 nt
1363 933 1647 989 nonnullis
1672 932 1733 988 in
1754 932 1894 989 loeis
1915 949 2144 990 necesse
2168 935 2312 995 roret
2332 934 2494 991 binos
2507 939 2706 993 ,textus

221 1030 520 1100 separatim
541 1030 722 1096 edere,
744 1046 925 1101 neque
944 1035 1131 1099 posset
1157 1047 1227 1087 ex
1260 1032 1475 1088 collatis
1501 1031 1780 1089 codicibus
1802 1048 1947 1088 unus
1978 1037 2161 1089 textus
2187 1033 2460 1089 constitui.
2484 1034 2704 1090 Nihilo-

224 1130 407 1185 minus
437 1129 590 1185 idem
623 1129 739 1185 fere
767 1133 853 1185 est
878 1130 1164 1201 utriusque
1194 1130 1520 1187 narrationis
1553 1131 1709 1198 ordo,
1743 1132 1970 1187 eaedem
1993 1148 2082 1187 res
2116 1137 2389 1198 narratae,
2434 1133 2567 1203 quin
2588 1150 2706 1190 non

222 1244 347 1283 ram
369 1228 568 1283 eadem
587 1229 762 1283 verba
773 1248 790 1294 ς
812 1229 913 1284 sed
932 1233 991 1283 et
1009 1228 1070 1284 in
1089 1228 1302 1299 aliquot
1314 1229 1560 1300 capitulis
1582 1228 1772 1300 paucis
1793 1230 2175 1286 tantummodo
2199 1230 2525 1287 lectionibus
2549 1231 2707 1288 inter

224 1343 284 1382 se
302 1326 621 1396 discrepant
640 1327 786 1383 duae
803 1328 1176 1407 recensiones.
1275 1380 1278 1383 Α
1304 1345 1311 1349 ·

286 1425 632 1482 Credidimus
662 1442 833 1496 porro
855 1442 1056 1496 operae
1089 1442 1193 1481 nos
1220 1427 1458 1496 pretium
1478 1427 1737 1493 facturos,
1763 1426 1812 1482 si
1833 1426 2115 1496 utriusque
2151 1425 2306 1482 Vitae
2327 1428 2568 1498 capitula
2587 1428 2717 1484 sin-

224 1526 348 1595 gula
378 1525 649 1595 bipartitis
669 1525 876 1595 paginis
908 1542 941 1581 e
972 1526 1194 1595 regione
1223 1542 1651 1593 recenseremus,
1701 1526 1892 1596 primis
1930 1526 2113 1582 verbis
2147 1526 2399 1583 omnium
2455 1528 2698 1598 capitum

223 1625 517 1695 exsciiptis
541 1625 705 1694 Quod
725 1628 1025 1696 antequam
1046 1630 1399 1695 praeaemus,
1424 1626 1699 1695 quaedam
1721 1626 1966 1681 notanda
1991 1631 2302 1696 supersunt.
2428 1628 2433 1632 ’

286 1724 342 1778 1⁰
372 1723 645 1791 Imau,
665 1740 810 1794 qnae
842 1724 1098 1794 capitulis
1131 1724 1358 1793 singulis
1378 1714 1622 1793 praefixa
1656 1725 1915 1793 leguntur
1954 1724 2044 1792 (1),
2068 1725 2208 1779 adeo
2232 1725 2292 1780 in
2311 1725 2538 1795 singulis
2561 1726 2704 1782 codi-

222 1824 372 1878 cibus
392 1824 540 1879 inter
558 1841 621 1880 se
640 1824 860 1879 diversa
878 1830 1021 1891 sunt,
1044 1829 1109 1880 ut
1140 1824 1398 1880 brevitati
1419 1824 1587 1881 simul
1610 1829 1668 1880 et
1685 1826 1957 1881 lectorum
1978 1825 2196 1882 utilitati
2219 1827 2352 1883 satis
2375 1828 2700 1885 consultum

224 1923 336 1978 sore
351 1923 694 1989 duxerimus,
708 1923 759 1979 si
774 1940 844 1979 ea
856 1923 961 1993 ipsi
978 1924 1165 1992 paucis
1186 1924 1659 1980 contraheremus.

282 2025 339 2078 Ξ·
371 2022 578 2079 Fon-s
610 2022 891 2094 utriusque
923 2022 1099 2087 Vitae,
1117 2027 1181 2078 ut
1210 2023 1511 2092 potuimus,
1541 2022 1946 2093 inquisivimus,
1978 1986 2248 2093 satisque·
2265 2023 2564 2083 habuimus
2613 2040 2700 2096 ea,

222 2121 353 2176 sicut
384 2125 441 2176 et
471 2121 794 2188 lemmata,
776 2137 835 2177 ιιι
857 2136 1191 2192 unoquoque
1202 2120 1384 2190 capite
1405 2121 1580 2176 semel
1606 2120 1866 2188 indicare,
1889 2121 2219 2192 ubicumque
2241 2123 2444 2178 scilicet
2465 2125 2536 2180 de
2559 2130 2702 2180 utra·

220 2236 323 2288 que
341 2219 473 2276 Vita
490 2220 640 2276 idem
672 2221 965 2276 dicendum
998 2225 1133 2275 erat.
1168 2220 1266 2275 Est
1285 2221 1509 2290 quidem
1532 2220 1628 2275 ubi
1658 2220 1897 2275 fontium
1921 2220 2143 2276 illorum
2167 2226 2383 2277 textum
2419 2224 2597 2293 magis
2627 2224 2700 2280 ad

222 2321 450 2375 verbum
464 2319 855 2388 exscripserint
870 2319 1082 2375 othloh
1104 2323 1159 2374 et
1177 2323 1372 2374 auctor
1390 2334 1723 2388 anonymus.
1746 2318 1894 2374 Alibi
1925 2324 2114 2374 autem
2135 2323 2348 2375 textum
2377 2320 2537 2376 illum
2557 2338 2699 2377 con-

220 2423 501 2475 traxerunt
530 2419 623 2474 vel
644 2419 763 2474 aliis
794 2418 980 2474 verbis
1009 2434 1102 2473 res
1138 2418 1363 2473 easdem
1401 2422 1828 2484 enarraverunt;
1861 2418 2012 2488 quod
2050 2418 2146 2473 ubi
2190 2419 2402 2485 accidit,
2437 2420 2696 2490 apposito

218 2518 368 2587 signo
395 2519 485 2586 Gt.
508 2517 846 2573 monuimus.
862 2517 1193 2573 Addendum
1210 2517 1375 2573 etiam
1397 2523 1483 2572 est
1500 2517 1558 2572 in
1573 2516 1662 2572 his
1684 2517 2008 2587 praesertim
2035 2517 2187 2583 locis,
2214 2519 2275 2573 in
2295 2518 2494 2589 quibus
2516 2536 2552 2574 a
2573 2519 2698 2575 fon·

220 2617 360 2673 tibus
380 2618 650 2673 recedunt
663 2621 920 2672 auctores
943 2616 1134 2683 nostri,
1152 2617 1378 2673 eosdem
1398 2616 1543 2672 inter
1563 2632 1625 2672 se
1646 2616 1817 2673 etiam
1838 2617 2013 2686 magis
2038 2617 2288 2672 diversos
2311 2634 2449 2673 esee.

612 2863 1015 2930 Laeuinum

300 3017 693 3079 Praentio.
739 3021 743 3025 ’
769 3001 1066 3080 Gloriosa
1139 3012 1405 3096 quidem

219 3115 367 3178 acta
406 3117 802 3192 sanctorum,
846 3113 1084 3197 quibus
1124 3113 1213 3178 ab
1253 3117 1402 3179 ortu

218 3212 573 3278 nativitatis
603 3232 826 3278 suae...

475 3330 751 3398 Prologus
773 3329 866 3384 hic
888 3335 974 3384 est
989 3332 1143 3383 totus
1162 3327 1403 3393 moralis,

411 3445 590 3499 neque
609 3427 888 3498 quippiam
897 3428 1063 3483 docet
1081 3427 1152 3481 de
1174 3430 1400 3481 auctore

410 3527 536 3583 libri
556 3532 657 3584 aut
675 3513 746 3581 de
767 3525 939 3596 ipsius
962 3525 1226 3582 fontibus.

300 3634 367 3692 1.
416 3627 509 3692 Da
554 3614 929 3693 urm-rara
983 3624 1052 3691 S.
1108 3624 1388 3690 Nxcoux.

217 3723 1401 3809 PlacuitigiturRedemptoriomnium

214 3823 477 3891 cuidam
494 3825 741 3891 clarissl'
723 3824 854 3889 ‘mo
866 3824 1025 3902 vim,
1036 3822 1400 3905 Epiphanio

213 3925 498 4005 nomine,
522 3924 882 3992 concedere
922 3923 1129 3988 filium
1166 3926 1398 3987 natum

215 4041 297 4087 ex
352 4023 587 4090 Nonna
635 4042 846 4090 uxore
904 4041 1030 4088 sua
1088 4021 1159 4087 in
1209 4020 1404 4086 Licea

214 4121 598 4190 Mirreorum
622 4123 950 4206 regione...

296 4537 369 4596 2.
425 4531 518 4596 Da
556 4539 822 4597 mam
861 4546 1102 4594 cuum
1142 4546 1402 4592 samu.

216 4628 563 4696 Crescente
583 4633 811 4696 autem
837 4628 1057 4693 divina
1083 4626 1296 4709 gratia
1335 4629 1403 4691 et

1967 2863 2236 2929 O‘rmon

1586 3016 1981 3077 Praefatio.
2001 3012 2160 3078 Post
2181 3031 2351 3091 eum,
2367 3012 2479 3096 qui
2499 3012 2691 3078 bonis

1498 3110 1803 3176 omnibus
1850 3114 2106 3176 constat
2152 3111 2689 3194 praeferendus..

1766 3226 1862 3281 Ed.
1895 3225 1980 3282 W.
2010 3225 2384 3281 ermmacn
2423 3227 2483 3281 in
2507 3228 2688 3282 Neues

1705 3326 1924 3390 Ambio,
1944 3328 1984 3378 t.
1999 3323 2063 3390 X,
2083 3342 2135 3393 p.
2160 3326 2278 3381 408.

1589 3627 1654 3685 1.
1681 3617 1988 3684 Nicolaus
2008 3638 2092 3685 ex
2115 3619 2345 3685 illustri
2370 3622 2681 3705 prosapia

1499 3720 1700 3798 oritis,
1770 3718 2123 3785 clarissimo
2184 3719 2426 3785 scilicet
2490 3723 2684 3803 patre

1497 3817 1864 3900 Epiphanio
1912 3822 1979 3883 et
2026 3821 2239 3883 matre
2287 3818 2348 3884 N
2348 3838 2522 3884 onna
2562 3838 2681 3885 vo-

1497 3920 1666 3998 cata,
1694 3917 1850 3982 civis
1877 3917 1998 3982 fuit
2025 3917 2302 3983 Paterae
2331 3919 2577 3984 urbis»...

1761 4032 1878 4090 Nic.
1963 4032 2271 4090 Carminius
2364 4034 2656 4090 Pannonius
2671 4076 2687 4100 ‚

1696 4132 1755 4187 S.
1767 4133 1984 4187 Nicolai
1992 4134 2129 4186 Aeta
2144 4134 2478 4202 primiyenia
2491 4134 2688 4201 (1751),

1695 4245 1751 4299 p.
1771 4230 1815 4294 1,
1837 4245 1952 4299 cap.
1980 4231 2004 4283 1
2030 4228 2187 4283 Vitae
2209 4229 2437 4298 graecae
2446 4251 2461 4296 ;
2485 4246 2539 4299 p.
2563 4232 2685 4287 113-

1700 4329 1813 4394 114,
1835 4344 1952 4398 cap.
1973 4329 2022 4394 3,
2045 4331 2102 4394 ἐς
2145 4331 2553 4393 Cata1.·Paris..
2582 4334 2623 4386 t.
2642 4331 2686 4395 1,

1696 4443 1752 4496 p.
1766 4427 1880 4493 503,
1905 4443 2021 4496 cap.
2045 4428 2086 4481 1.

1584 4532 1656 4590 2.
1706 4524 2055 4591 Crescente
2110 4530 2335 4592 autem
2387 4527 2684 4611 puerum,

1502 4624 1712 4708 gratia
1752 4625 1943 4690 simul
1970 4624 2189 4689 divina
2215 4626 2582 4709 augebatur
2616 4627 2684 4690 in

280 4829 357 4895 (1)
390 4828 566 4897 Saepe
618 4827 681 4882 in
723 4824 914 4881 codice
955 4825 1007 4880 Η
1072 4823 1427 4879 lemmatibus
1475 4822 1647 4878 additi
1700 4827 1829 4876 sunt
1860 4822 2109 4876 versiculi
2158 4823 2467 4877 hexametri
2515 4823 2686 4878 modo

212 4911 428 4980 singuli,
463 4911 630 4965 modo
666 4909 800 4975 bini,
837 4906 1134 4977 aliquando
1168 4906 1338 4961 etiam
1370 4906 1593 4976 plures,
1622 4904 1826 4974 quibus
1865 4903 2101 4959 traditur
2141 4905 2359 4974 capituli
2403 4906 2684 4973 sequentis

219 4993 480 5063 epitome.
