3487 5450
1325 598 1678 650 Arrsnmx
1725 599 1800 651 v.
2651 579 2777 651 151

317 790 583 855 laticem
636 808 958 871 aquarum
1008 788 1126 854 Dei
1167 789 1441 853 viventis
1492 809 1568 853 ac
1619 789 2029 854 miserentis²
2068 789 2529 872 propitiatione
2570 793 2801 854 contra

320 890 602 968 solitum,
617 894 843 953 contra
864 893 1140 953 naturae
1170 889 1481 965 debitum,
1507 888 1588 953 de
1613 888 1755 953 saxi
1786 887 2001 952 medio
2032 889 2472 953 exciderunt³.
2501 889 2635 955 Sed
2655 888 2800 954 fons

321 989 499 1053 idem
527 1009 649 1072 per
682 1008 995 1052 cavernas
1024 993 1359 1071 petrarum
1390 1007 1466 1052 ac
1504 987 1773 1052 fissuras
1818 990 2006 1051 tanta
2034 988 2394 1053 redolentia
2435 988 2803 1054 suavissimi

325 1088 545 1153 odoris
569 1093 634 1152 et
661 1087 1002 1168 fraglantia
1024 1088 1090 1151 in
1117 1106 1307 1151 nares
1332 1091 1395 1151 et
1421 1107 1540 1151 ora
1564 1087 1907 1169 vultusque
1930 1086 2217 1150 virorum
2243 1087 2801 1152 circumstantium

247 1206 282 1253 5
327 1188 407 1252 de
447 1193 667 1252 terrae
701 1187 1049 1251 visceribus
1092 1186 1398 1263 resilibat,
1432 1187 1794 1268 tanquam⁴
1837 1186 1919 1250 de
1959 1186 2252 1269 paradisi
2292 1186 2644 1251 limitibus-‘³
2683 1207 2805 1270 per

326 1286 584 1351 diversa
634 1292 1003 1351 aromatum
1053 1305 1292 1367 genera
1349 1287 1662 1350 cursitare
1713 1285 2106 1349 crederetur.
2126 1369 2128 1371 ‚
2149 1285 2520 1364 Praeterea,
2562 1291 2639 1351 ut
2679 1285 2803 1368 ipsi

322 1385 501 1451 idem
530 1386 782 1450 obsessi
811 1385 981 1449 veris
1011 1385 1482 1449 assertionibus
1504 1403 1724 1449 coram
1753 1403 1906 1466 rege
1926 1383 2329 1449 Theoderico
2347 1386 2374 1421 ⁶
2401 1386 2804 1462 asserebant,

325 1485 514 1568 quasi
547 1485 730 1548 cibus
762 1485 966 1549 eremi
1005 1503 1249 1548 manna
1285 1483 1636 1548 Israhelitis
1680 1483 2032 1548 desiderati
2072 1483 2410 1549 cuiuslibet
2449 1473 2574 1548 cibi
2614 1504 2809 1567 sapo—

329 1604 472 1650 rem
514 1585 583 1649 in
628 1604 743 1648 ore
785 1585 1189 1667 praestabat,
1219 1584 1310 1648 ita
1339 1583 1703 1664 praesentis
1746 1582 1941 1648 fontis
1969 1583 2244 1647 haustus
2273 1583 2519 1648 eisdem
2548 1583 2809 1649 inclusis

221 1699 288 1748 io
334 1685 709 1749 sitientibus
740 1702 816 1747 ac
847 1683 1278 1748 esurientibus
1311 1686 1580 1764 optatae
1609 1681 1950 1747 cuiuslibet
1979 1702 2167 1747 escae
2196 1682 2464 1748 odorem
2496 1703 2575 1747 ac
2593 1683 2812 1748 dulce-

325 1784 546 1849 dinem
572 1783 901 1847 Creatoris
929 1782 1161 1846 eodem
1183 1787 1345 1846 nutu
1377 1782 1442 1845 in
1462 1801 1576 1846 ore
1605 1781 2018 1846 ostendebat.
2054 1781 2256 1846 Dein⁷
2285 1782 2445 1846 dum
2461 1782 2636 1859 laeti,
2650 1783 2807 1847 dum

334 1884 593 1957 hilareS,
626 1883 781 1946 dum
832 1882 1051 1946 divina
1093 1882 1510 1946 miseratione
1538 1880 1715 1945 velut
1760 1881 2094 1963 exquisitis
2123 1881 2530 1946 diversarum
2558 1882 2813 1947 ferculis

328 1982 678 2065 epularum
709 1981 1147 2059 reficerentur,
1176 1981 1464 2062 dumque
1494 1980 1798 2044 lamentis
1833 1986 1893 2044 et
1937 1981 2114 2045 vocis
2156 1980 2355 2067 iubilo
2383 1981 2813 2046 vociferantes

329 2082 692 2163 condignas
720 2080 1011 2145 Creatori
1039 2080 1395 2163 gratiarum
1416 2080 1704 2144 actiones
1725 2079 1979 2144 devotis
1998 2080 2329 2144 mentibus
2349 2081 2814 2163 persolverent,

221 2196 287 2242 es
330 2181 629 2246 Tatheus
662 2180 1089 2244 Theoderici⁸
1118 2180 1287 2261 regis
1329 2179 1516 2255 filius,
1551 2178 1681 2261 qui,
1724 2184 1797 2243 ut
1841 2179 2144 2257 diximus,
2186 2180 2379 2244 cum⁹
2400 2180 2814 2244 multitudine

333 2280 477 2345 illos
502 2280 788 2343 inclusos
817 2279 1196 2343 obsessione
1224 2278 1510 2356 tenebat,
1528 2297 1699 2360 quae
1721 2281 1948 2343 tantae
1967 2278 2255 2343 laetitiae
2277 2283 2343 2344 et
2365 2279 2814 2345 exsultationis

338 2380 646 2453 obsessis,
682 2379 793 2461 qui
814 2378 989 2442 fame
1011 2382 1076 2443 et
1098 2379 1201 2443 siti
1224 2377 1389 2442 mori
1410 2377 1863 2456 credebantur,
1885 2396 2085 2443 causa
2106 2378 2299 2443 suerit
2313 2378 2384 2458 ¹⁰,
2406 2379 2816 2444 ineffabiliter

335 2479 812 2543 admirabatur.

423 2585 537 2644 18.
575 2577 857 2641 Proinde
885 2579 1450 2659 praememoratus
1477 2576 1781 2659 princeps
1822 2575 2106 2641 inclusus
2129 2581 2317 2642 tanta
2354 2571 2816 2644 miraculorum

218 2686 290 2736 ἓ)
327 2678 693 2745 beneficia¹
735 2676 858 2742 sibi
897 2676 1161 2758 indigno
1204 2694 1244 2740 a
1294 2674 1636 2741 Salvatore
1682 2676 1910 2741 videns
1958 2676 2304 2760 praestari,
2345 2675 2564 2743 divino
2611 2677 2816 2744 fretus

331 2779 594 2847 anxili0.
618 2778 705 2842 ad
733 2777 975 2842 ostium
998 2777 1396 2855 monasterii,
1421 2777 1592 2859 qua²
1613 2778 1906 2860 egregius
1935 2777 2105 2860 regis
2131 2777 2301 2842 filius
2330 2797 2476 2842 cum
2505 2778 2818 2843 militibus

329 2879 731 2950 excubabat,
788 2876 1170 2959 procedenS,
1224 2876 1328 2941 his
1375 2876 1595 2941 verbis
1638 2877 2071 2942 exterioribus
2114 2896 2398 2942 causam*
2423 2877 2711 2943 laetitiae
2751 2881 2844 2943 et·

329 2977 771 3042 iucundidatis
803 2976 1199 3040 inclusorum
1230 2974 1558 3040 revelasse
1584 2979 2035 3042 memoratur:
2077 2974 2151 3056 0,
2193 2975 2422 3059 inquit,
2439 2971 2821 3061 praeclarae

327 3075 679 3140 nobilitatis
700 3096 778 3139 ac
796 3075 1340 3159 praestantissimi
1367 3076 1575 3137 animi
1602 3075 1863 3156 iuvenis,
1891 3073 2028 3140 Deo
2054 3076 2420 3155 immortali,
2448 3077 2582 3160 reyi
2605 3096 2817 3140 saecu·

218 3179 293 3230 25
329 3176 542 3240 lorum
576 3174 890 3255 invisibili,
923 3176 1033 3258 qui
1075 3193 1189 3236 nos
1235 3173 1373 3237 licet
1402 3172 1698 3261 indiynos
1725 3175 2062 3261 esurientes
2109 3181 2165 3238 et
2185 3176 2459 3248 sitientes
2479 3173 2818 3256 fluentibus

329 3277 522 3361 aquis
571 3276 758 3359 quasi
801 3272 877 3336 ‹Ie
911 3281 1098 3356 petra
1140 3274 1330 3336 erertii
1368 3291 1483 3357 per
1519 3293 1732 3358 preces
1772 3280 1831 3337 et
1871 3275 2099 3336 merita
2138 3273 2381 3356 famuli
2418 3278 2523 3338 sui
2533 3275 2562 3313 ⁸
2601 3277 2820 3359 patris

329 3376 539 3439 nostri
549 3376 577 3412 ⁴
609 3372 948 3437 Moe-hallei
974 3373 1191 3454 refecit
1219 3394 1298 3435 ac
1335 3372 1675 3436 ειαίἰαηᾱοὖ
1702 3392 1819 3436 noa
1847 3393 1888 3434 a
1916 3381 2117 3437 mone
2144 3372 2234 3436 ad
2261 3376 2460 3438 vitam
2488 3377 2818 3459 revocavit,

331 3481 404 3537 tu
449 3473 632 3537 homo
668 3474 859 3558 quasi
883 3472 1113 3554 folium
1147 3471 1318 3558 quod
1342 3472 1647 3536 siccatum
1669 3473 1929 3557 rapitur
1954 3494 1997 3535 a
2030 3479 2223 3554 cento,
2251 3480 2341 3555 tu,
2370 3474 2651 3558 inquam,
2683 3477 2823 3539 aevi

331 3573 536 3638 brevis
581 3593 656 3637 ac
705 3580 982 3636 naturae
1022 3570 1451 3655 cormaptibilis
1495 3579 1812 3650 creatura,
1857 3571 2082 3636 bellam
2127 3572 2366 3656 inferro
2398 3575 2765 3658 praesumis
2791 3573 2829 3637 ἓ

225 3681 297 3733 30
334 3672 585 3755 Regius
612 3691 770 3737 vero
814 3671 1195 3736 adulescens
1234 3669 1527 3735 Tatheus
1572 3670 1746 3735 elata
1788 3674 1857 3735 et
1891 3670 2224 3736 obstinata
2262 3675 2485 3737 mente
2526 3672 2615 3738 ad
2653 3672 2822 3743 haec

335 3770 969 3854 respondit,dicens:
1004 3769 1204 3850 Vobis,
1227 3769 1456 3853 inquit,
1476 3768 1709 3834 talibus
1736 3791 1814 3834 ac
1839 3768 2092 3852 talibus,
2113 3770 2338 3855 quibus
2357 3770 2575 3835 divina
2598 3772 2822 3836 xteri-

334 3881 440 3936 tas
468 3873 785 3934 communi
812 3870 1020 3933 ιιιινιιο
1049 3871 1208 3932 vesci
1226 3889 1351 3953 pro
1379 3868 1709 3933 sceleribus
1748 3869 2032 3954 deneqat,
2061 3873 2206 3934 viva
2229 3868 2469 3952 fluenta
2498 3871 2575 3935 do
2600 3872 2823 3936 vertice

337 3973 648 4035 montium
678 3978 865 4034 trans
893 3990 1082 4053 rupes
1107 3976 1163 4033 et
1193 3988 1356 4032 saxa
1382 3971 1750 4053 propinavit
1781 3968 1818 4032 ἓ
1836 3968 1965 4033 His
1986 3990 2306 4055 aquarum
2331 3969 2665 4054 timentis,
2692 3971 2824 4046 nisi

338 4073 484 4156 ipsa
523 4069 762 4152 fluenta
805 4070 907 4133 cel‘
949 4069 1146 4132 oculis
1186 4068 1427 4152 videam
1471 4076 1588 4132 aut
1627 4089 1825 4133 manu
1863 4075 2126 4154 tanqam
2176 4071 2303 4133 sire
2346 4090 2455 4134 oro
2496 4067 2821 4152 hadriam,

227 4178 307 4228 35
339 4171 505 4259 mini
511 4191 601 4232 me
654 4171 1064 4253 acquiescam.
1126 4168 1506 4233 PraedIctus
1553 4187 1712 4246 vero
1760 4168 2063 4252 princeps
2105 4169 2415 4234 obsessus
2454 4169 2822 4252 praesentis

336 4268 632 4335 miraculi
662 4267 1094 4333 exterioribus
1129 4267 1198 4331 in
1244 4267 1535 4332 excubiis
1563 4267 1945 4333 sedentibus
1972 4268 2174 4334 fidem
2202 4269 2496 4351 ingerere
2521 4273 2587 4333 et
2615 4268 2716 4333 sui
2742 4287 2824 4335 ac

341 4388 614 4435 suorum
656 4368 737 4432 de
777 4367 1024 4432 incluso
1081 4385 1340 4432 carcere
1383 4366 1838 4432 liberationem
1881 4367 2282 4444 desiderum,
2324 4367 2536 4450 ipsam
2576 4386 2826 4451 aquam

347 4468 543 4533 fontis
572 4467 840 4531 caelitus
872 4466 1096 4531 datam
1126 4470 1480 4548 utcumque
1508 4486 1630 4549 per
1657 4486 1958 4550 quaeque
1986 4467 2134 4531 ostii
2163 4466 2473 4532 ecclesiae
2502 4466 2825 4532 foramina

340 4634 452 4674 -2
475 4634 782 4687 miserantis
802 4636 870 4686 A.
907 4660 973 4671 —
995 4634 1019 4667 ³
1038 4632 1379 4686 excuderunt
1402 4636 1471 4687 Δ.
1498 4663 1563 4673 —-
1585 4633 1610 4668 ⁴
1633 4651 1736 4687 om.
1759 4634 1827 4686 Δ.
1860 4660 1929 4671 -
1950 4634 1974 4667 ⁵
1996 4633 2313 4687 fluminibus
2346 4633 2428 4687 M„
2447 4662 2515 4671 —
2548 4632 2826 4687 ‘Teutrici

345 4720 433 4783 A;
448 4715 704 4770 Teon-ico
726 4717 801 4768 M.
824 4743 892 4754 —
917 4715 938 4748 ⁷
959 4715 1154 4769 deinde
1178 4719 1245 4768 Δ.
1270 4742 1339 4753 -
1362 4716 1386 4749 ⁸
1405 4714 1641 4770 Teotrici
1671 4715 1837 4780 AM„
1853 4725 1902 4769 et
1924 4720 2282 4784 itaporro.--
2307 4715 2582 4769 ’militum
2605 4717 2825 4770 add.A.

341 4826 414 4838 -
441 4799 487 4832 10

425 4799 691 4934 ignita}
706 4799 959 4934 sstffficii
987 4884 1053 4934 Δ.
1080 4907 1136 4918 -
1159 4880 1184 4913 ²
1205 4895 1316 4947 quo
1341 4881 1480 4934 AM
1497 4888 1632 4934 vest.
1663 4897 1810 4934 corr.
1831 4899 1897 4919 -·—
1925 4881 1949 4914 ⁸
1966 4898 2067 4935 om.
2090 4883 2159 4934 Δ.
2179 4907 2250 4919 -
2268 4881 2295 4914 ⁴
2311 4897 2414 4935 om.
2432 4881 2510 4934 Μ.
2526 4908 2589 4919 -
2613 4879 2639 4914 ⁸
2655 4881 2742 4944 (ιο
2756 4879 2827 4947 s.)

346 4963 684 5018 sanciendo
712 4964 861 5017 dull.
876 4991 944 5004 —
966 4963 990 4996 ⁶
1012 4961 1133 5016 auri
1153 4965 1219 5016 A.
2708 4966 2712 4970 ⁴
