3487 5450
315 1230 343 1257 '¹
368 1230 404 1283 f.
432 1229 536 1283 18'.

349 3816 376 3846 ¹⁸¹
396 3815 434 3871 f.
461 3817 541 3870 19.

674 518 821 590 3024
1349 536 1925 587 aamooaAPmCA
1980 535 2478 587 CARMELITANA

674 730 727 791 ei
758 747 1011 810 requiem
1048 726 1170 789 Dei
1191 727 1300 806 (1).
1334 726 1437 789 Ad
1461 726 1639 789 cuius
1669 725 2020 788 transitum
2052 742 2393 806 campana,
2437 743 2637 806 quam
2665 724 2966 791 Messane
3009 726 3148 792 fieri

676 827 1019 901 fecerat,se
1045 827 1184 907 ipsa
1217 846 1448 889 sonum
1479 844 1787 907 magnum
1819 829 1883 889 et
1907 823 2226 905 prolixum
2256 825 2501 888 cunctis
2533 825 2780 888 civibus
2811 827 3149 907 proprium

673 923 917 986 tribuit.
944 924 1193 986 Tantus
1225 923 1385 986 odor
1417 923 1578 986 illico
1604 923 1684 986 de
1710 941 1982 1003 corpore
2014 921 2219 984 sancti
2252 921 2370 984 viri
2404 922 2756 999 emanavit,
2786 928 2857 985 ut
2883 930 3151 989 cunctos

674 1029 966 1088 astantes
998 1026 1162 1087 mira
1192 1024 1515 1087 suavitate
1547 1023 1911 1105 repleverit.
1946 1021 2360 1103 Quapropter
2390 1042 2616 1087 omnes
2648 1024 3007 1090 christicole
3028 1045 3153 1091 nec

674 1142 806 1187 non
837 1128 899 1187 et
924 1124 1098 1186 iudei
1130 1124 1514 1187 admirative
1559 1123 1889 1186 confluunt
1923 1127 1986 1185 et
2031 1122 2114 1186 ad
2147 1121 2343 1185 sidem
2377 1121 2615 1187 Christi
2653 1129 3144 1190 convertuntur.
3185 1143 3218 1190 5

675 1222 1135 1304 Sananturque
1167 1223 1463 1304 pluri*mi
1498 1222 1767 1286 diversis
1798 1221 2300 1286 infirmitatibus
2327 1222 2606 1285 Habitus
2632 1242 2891 1306 quoque
2923 1225 3061 1290 eius
3085 1228 3152 1290 et

676 1324 1135 1386 vestimentum
1182 1322 1542 1386 devotionis
1595 1341 1794 1385 causa
1845 1321 2185 1402 rumpitur,
2245 1321 2509 1403 cupiens
2570 1322 2839 1404 quilibet
2888 1329 3154 1405 partem

680 1422 843 1485 illius
876 1422 1110 1497 sortiri,
1144 1441 1289 1485 cum
1339 1422 1511 1484 Deus
1556 1422 1803 1484 meritis
1850 1421 2056 1484 sancti
2087 1420 2201 1483 viri
2234 1439 2352 1502 per
2381 1420 2485 1485 illa
2509 1422 2902 1487 vestimenta
2931 1428 3154 1488 osten·

678 1522 860 1585 deret
886 1521 1091 1585 multa
1117 1521 1446 1585 miracula.
1474 1522 1647 1584 Inter
1678 1525 1894 1584 cetera
1920 1519 2280 1584 notandum
2312 1539 2611 1602 sequens.

768 1630 879 1684 14.
916 1619 1214 1697 Quedam
1240 1620 1471 1684 nobilis
1504 1620 1766 1684 domina
1812 1620 1983 1683 dicta
2015 1620 2096 1683 de
2133 1619 2397 1683 Palatiis
2441 1620 2703 1684 nomine
2744 1620 3011 1687 Venetia
3034 1622 3148 1703 (2),
3191 1637 3260 1687 to

676 1720 873 1783 nimio
918 1720 1053 1783 zelo
1098 1740 1175 1783 ac
1206 1719 1567 1783 devotionis
1609 1738 1834 1783 amore
1859 1719 1940 1782 de
1993 1719 2204 1800 capite
2249 1718 2489 1783 funeris
2541 1719 2860 1783 almitium
2890 1721 2980 1802 (3)
3037 1742 3156 1787 seu

676 1820 1005 1901 bireptum
1051 1819 1338 1883 subtulit.
1394 1819 1581 1896 Quod
1628 1818 1998 1882 custodiens
2056 1822 2120 1881 et
2165 1817 2382 1899 sepius
2428 1818 2768 1900 imponens
2827 1821 3151 1902 capitibus

676 1918 1050 1995 multorum,
1099 1918 1543 1981 liberabantur
1596 1938 1635 1982 a
1680 1937 2092 2000 quacumque
2124 1917 2584 1981 detinebantur
2612 1917 2947 1983 oculorum
2977 1920 3156 1985 infir-

682 2017 911 2081 mitate
936 2018 1048 2098 (4).

768 2124 880 2179 15.
942 2116 1287 2181 Federicus
1332 2136 1507 2191 ver0,
1546 2135 1660 2180 rex
1706 2114 1936 2189 Sicilie,
1983 2115 2280 2179 Messane
2324 2115 2603 2193 redienS,
2632 2116 2932 2197 prelibati
2977 2117 3157 2183 Petri
3201 2133 3263 2183 15

680 2215 1064 2280 Cathalonie
1109 2216 1276 2297 regis
1316 2215 1503 2291 filius,
1548 2234 1680 2278 una
1724 2234 1873 2279 cum
1917 2215 2262 2279 comitibus
2307 2214 2439 2279 suis
2481 2214 2789 2297 pedester
2832 2216 2918 2281 ad
2961 2217 3156 2283 funus

682 2316 969 2393 veniens,
1015 2315 1353 2379 lacrimose
1385 2315 1465 2378 de
1496 2314 1845 2378 amissione
1877 2315 2045 2378 tanti
2075 2314 2372 2379 advocati
2406 2318 2604 2396 atque
2626 2317 2905 2395 patroni,
2950 2316 3158 2381 omni·

684 2416 805 2478 bus
836 2415 1153 2479 miteratis
1185 2416 1274 2494 (5)
1295 2413 1632 2478 mandavit
1661 2418 1734 2477 ut
1764 2414 1849 2477 ad
1881 2414 2190 2496 exequias
2222 2414 2429 2478 sancti
2456 2414 2574 2477 viri
2605 2416 2827 2478 venire
2872 2416 3160 2480 debeant

685 2516 963 2588 concite3
1005 2534 1173 2596 quae
1204 2514 1372 2578 facte
1414 2517 1565 2577 sunt
1598 2513 1865 2591 ieiuniis,
1911 2514 2312 2577 orationibus
2346 2518 2410 2577 et
2442 2513 2808 2578 elemosinis
2838 2515 3158 2598 archiepi-

685 2614 863 2696 scopi
907 2618 1257 2695 praecepto
1287 2632 1433 2676 cum
1464 2613 1815 2676 missarum
1865 2611 2239 2695 solempniis
2267 2613 2476 2677 tribus
2519 2613 2748 2678 diebus
2793 2614 3159 2680 successive
3199 2627 3265 2680 ιο
3370 2622 3383 2631 ’

682 2737 801 2799 per
822 2736 1048 2781 omnes
1073 2714 1375 2781 ecclesias
1398 2714 1716 2790 Messane,
1739 2718 1812 2778 ut
1842 2713 2016 2779 Deus
2046 2712 2359 2779 miracula
2389 2714 2453 2779 in
2484 2733 2673 2779 servo
2704 2735 2821 2780 suo
2853 2715 3162 2782 ostende-

684 2821 786 2880 ret
816 2816 1134 2891 sanativa,
1167 2815 1648 2896 multorumque
1706 2814 1986 2896 plurima
2014 2814 2287 2878 nimium
2328 2815 2645 2879 miratura
2688 2816 2827 2879 visa
2871 2815 3157 2881 fuerunt.

687 2917 851 2982 Cum
880 2935 1034 2979 vero
1066 2934 1300 2996 corpus
1324 2915 1390 2978 in
1420 2914 1636 2978 medio
1668 2913 1933 2978 ecclesie
1973 2914 2280 2978 existeret
2302 2914 2416 2996 (6),
2446 2914 2657 2978 officio
2715 2915 2913 2979 misse
2943 2915 3165 2999 dispo-

684 3020 995 3080 nerentur
1024 3015 1136 3096 (7),
1185 3014 1261 3078 lis
1290 3014 1494 3079 oritur
1526 3032 1853 3096 quaenam
1883 3013 2082 3077 missa
2111 3013 2192 3077 sit
2228 3012 2637 3078 celebranda.
2668 3013 2894 3079 Clerus
2924 3015 3163 3081 asserit

685 3119 1111 3190 mortuorum,
1127 3113 1405 3195 populus
1428 3117 1649 3177 autem
1673 3116 2048 3176 sanctorum
2071 3113 2509 3189 confexorum,
2524 3133 2644 3195 pro
2664 3118 2944 3196 utraque
2967 3119 3160 3198 parte
3196 3133 3266 3184 2⁸

685 3214 1045 3279 rationibus
1090 3213 1407 3278 adductis.
1454 3212 1753 3276 Tandem
1798 3212 2219 3294 inspiratione
2264 3212 2482 3277 divina
2526 3213 2799 3278 mandat
2842 3214 3165 3298 archiepi-

687 3332 922 3396 scopus
951 3318 1025 3376 ut
1053 3313 1145 3393 (8)
1177 3332 1404 3376 omnes
1448 3313 1742 3376 oratione
1768 3312 2006 3376 devota
2034 3312 2119 3376 a‘d
2144 3310 2353 3376 Deum
2386 3311 2521 3375 fore
2557 3313 3041 3392 recurrendum,
3088 3318 3162 3378 ut

688 3432 809 3479 sua
851 3411 1291 3476 misericordia
1336 3411 1705 3493 patefacere
1751 3411 2126 3493 dignaretur
2173 3411 2408 3492 ipsum,
2454 3430 2648 3493 quem
2681 3411 2983 3494 elegerat,
3030 3433 3163 3497 quo

689 3513 936 3577 honore
973 3511 1165 3575 vellet
1216 3510 1526 3575 decorari.
1579 3510 1634 3575 Ο
1679 3510 1844 3574 mira
1894 3530 2018 3587 res,
2062 3510 2401 3575 orantibus
2443 3510 2779 3589 universis,
2832 3531 2981 3577 ecce
3031 3512 3163 3579 duo

689 3611 873 3695 pueri
906 3611 971 3674 in
1009 3610 1191 3685 albis,
1239 3610 1501 3674 cruciati
1526 3611 1618 3693 (9)
1642 3610 1823 3675 stolis
1854 3610 2088 3685 aureiS,
2131 3609 2528 3674 lucidissima
2574 3610 2869 3676 claritate
2911 3613 3162 3691 sociati,
3201 3626 3266 3679 ³⁰

691 3711 1037 3774 intantum
1090 3707 1264 3790 quod
1308 3707 1514 3771 audiri
1543 3711 1871 3789 poterant,
1904 3707 2104 3771 videri
2137 3711 2359 3772 autern
2403 3707 2575 3773 claro
2611 3713 2882 3790 aspectu
2909 3729 3164 3793 nequa-

695 3828 913 3892 quam,
938 3826 1222 3872 consona
1252 3826 1407 3871 voce
1432 3826 1508 3870 ac
1531 3806 1736 3871 tubali
1761 3807 2006 3889 pariter
2029 3807 2355 3872 dicentes:
2388 3810 2422 3847 *
2455 3806 2541 3871 Os
2561 3810 2714 3871 iusti
2740 3808 3168 3873 meditabatur

694 3909 1071 3991 sapientiam
1103 3914 1155 3969 et
1186 3907 1403 3989 linqua
1428 3908 1562 3971 eius
1604 3906 1887 3990 loquetur
1911 3905 2234 3969 iudicium.
2259 3907 2511 3971 Etcum
2549 3906 2671 3971 hec
2698 3898 3053 3987 dississent,
3097 3910 3167 3974 in

695 4011 1030 4072 momento
1076 4006 1555 4087 disparuerunt.
1577 4005 1763 4070 Tunc
1792 4005 2007 4070 subito
2037 4025 2154 4070 rex
2201 4009 2266 4069 et
2294 4005 2818 4089 archiepiscopus
2840 4027 2974 4073 una
3014 4028 3169 4073 cum

694 4107 835 4172 aliis
864 4106 1149 4188 prelatis,
1200 4106 1335 4169 viso
1374 4110 1509 4169 tam
1562 4105 1870 4169 ineffabili
1914 4105 2242 4182 miracu10,
2288 4105 2716 4171 decreverunt
2757 4107 3053 4173 auditum
3098 4113 3167 4173 et
3203 4123 3269 4175 3⁸

693 4207 1023 4288 inceptum
1082 4205 1277 4269 misse
1323 4205 1656 4270 introitum
1701 4204 2056 4281 observari,
2094 4204 2383 4269 dicentes
2433 4205 2724 4269 divinum
2773 4210 3004 4271 nutum
3048 4226 3169 4273 seu

692 4305 1096 4370 voluntatem
1133 4324 1276 4369 esse
1296 4303 1813 4386 preponendum.
1847 4304 1927 4368 Et
1964 4305 2054 4368 sic
2088 4303 2579 4370 celebraverunt
2619 4305 2809 4369 unius
2835 4306 3172 4372 confesso·
3269 4347 3276 4352 ·

694 4408 782 4470 ris
811 4406 1080 4470 missam
1116 4425 1237 4488 pro
1269 4408 1423 4469 tunc
1459 4424 1539 4468 ex
1587 4405 1950 4469 devotionis
1990 4422 2205 4468 causa.
2238 4403 2486 4482 Quibus
2527 4404 2744 4483 finitis,
2788 4406 2950 4470 hora
2994 4427 3175 4474 nona

696 4524 930 4587 corpus
960 4505 1291 4586 sepulture
1322 4503 1739 4569 devotissime
1769 4502 2067 4568 traditur.
2111 4503 2257 4567 Rex
2288 4507 2352 4568 et
2383 4504 2594 4569 omnis
2624 4504 2902 4587 populus
2923 4507 3176 4588 promi-

763 4746 836 4810 (1)
858 4744 1158 4808 (Anyelieis
1176 4775 1199 4786 ·
1219 4747 1341 4809 Dei)
1362 4760 1474 4798 om.
1490 4748 1589 4796 2·5.
1613 4771 1680 4781 —
1714 4743 1789 4807 (2)
1820 4743 2110 4806 Renetia’i,
2135 4750 2182 4797 5.
2205 4771 2272 4782 —-
2304 4744 2375 4809 (3)
2405 4746 2757 4798 Almt‘tore‘um
2780 4749 2824 4798 1.
2844 4773 2905 4783 —
2933 4747 3006 4811 (4)
3033 4746 3181 4803 Illud

698 4844 811 4895 cap.
828 4828 892 4881 14-
915 4843 1023 4881 om.
1054 4831 1110 4880 et
1131 4828 1470 4896 subsequens
1493 4843 1607 4894 cap.
1640 4825 1796 4880 valde
1821 4826 2100 4880 contrahit
2115 4832 2162 4880 2.
2178 4855 2245 4865 —
2268 4829 2339 4892 (5)
2361 4826 2482 4881 Om.
2505 4833 2550 4881 1.
2570 4855 2637 4865 —
2660 4827 2730 4890 (6)
2754 4828 3012 4883 Existens
3037 4835 3088 4885 1.
3113 4861 3186 4872 —

698 4911 770 4974 (7)
797 4911 1190 4978 Disponeretur
1208 4914 1253 4964 1.
1276 4938 1343 4948 —
1366 4910 1440 4974 (8)
1468 4908 1592 4963 Om.
1617 4913 1664 4962 1.
1690 4937 1758 4947 —
1780 4909 1854 4975 (9)
1876 4910 2155 4963 Crucian‘s
2179 4915 2226 4964 1.
