3487 5450
1766 916 1994 982 DE

654 1131 1183 1288 MAGNO
1256 1130 2213 1287 LEGENDARIO
2279 1131 3122 1290 AUSTRIACO

759 1668 1129 1751 Wolfhardi
1170 1667 1695 1752 martyroloyium
1745 1667 1908 1731 inter
1953 1674 2009 1731 et
2058 1665 2365 1750 Maqnum
2407 1666 2591 1748 illud,
2630 1667 2799 1752 quod
2847 1667 3116 1751 dicitur,

660 1767 1130 1852 Leqcndarium
1155 1769 1571 1833 Austriacum
1600 1766 1884 1852 aliquam
1915 1772 2161 1829 exstare
2178 1766 2601 1850 coqnationem
2623 1773 2678 1830 et
2705 1769 2838 1830 iam
2859 1769 3113 1831 monui-

661 1887 825 1948 mus,
864 1873 922 1931 et
961 1887 1228 1950 prorsus
1263 1866 1673 1947 manifestum
1713 1872 1821 1930 est.
1864 1864 2097 1928 Verum
2137 1885 2277 1928 cum
2317 1864 2601 1928 nondum
2630 1867 2698 1928 in
2735 1867 3119 1951 martyrolo-

656 1968 835 2051 9ium
883 1965 1056 2046 istud
1087 1967 1341 2050 penitus
1381 1966 1751 2051 inquisitum
1791 1970 1959 2043 esset,
1988 1963 2183 2027 multo
2212 1965 2419 2027 maior
2454 1965 2815 2029 existimata
2844 1973 2931 2030 est
2956 1965 3111 2030 haec

662 2066 968 2149 cognatio,
1016 2085 1208 2149 quam
1254 2085 1475 2148 reapse
1520 2071 1607 2130 est
1612 2086 1642 2146 ‚·
1681 2084 1759 2128 ex
1823 2062 2192 2145 Wolfhardo
2240 2062 2467 2126 scilicet
2516 2065 2582 2126 in
2637 2062 3106 2148 Leyendarium

661 2166 968 2229 transisse
993 2157 1366 2241 asserebant,
1393 2169 1528 2226 tum
1556 2162 1787 2227 multas
1814 2162 2216 2225 narrationes
2244 2180 2404 2246 quas
2430 2159 2792 2245 Leqendari
2797 2183 2902 2226 um
2928 2162 3115 2228 habet

663 2284 740 2328 ex
769 2263 1058 2348 Greqorii
1089 2260 1473 2326 Turonensis
1509 2261 1799 2346 operibus
1826 2260 2203 2344 desumptas,
2233 2267 2367 2323 tum
2390 2262 2737 2344 penei-atim
2780 2260 3120 2327 Passiones

664 2369 1025 2446 martyrum
1056 2362 1167 2447 qui
1192 2361 1420 2444 primis
1447 2362 1584 2425 aevi
1610 2360 1943 2424 christiani
1969 2360 2237 2424 saeculis
2265 2366 2524 2424 mortem
2553 2362 2861 2445 oppetiere
2888 2362 3002 2444 (1).

755 2460 1059 2526 Omnibus
1097 2466 1305 2524 autem
1345 2460 1557 2525 sedulo
1597 2461 1890 2539 excussis,
1918 2458 2068 2523 haec
2102 2458 2490 2523 solummodo
2531 2462 2921 2544 repperimus
2956 2482 3122 2546 quae

667 2560 1054 2645 Leqendarii
1080 2558 1361 2624 collector
1386 2580 1463 2623 ex
1508 2557 1884 2641 Wolfhardo
1912 2557 2341 2642 compilaverit
2370 2581 2392 2622 .·

750 2661 815 2725 1·
857 2658 1296 2741 Praefationes
1329 2660 1393 2721 in
1421 2658 1702 2743 sinqulos
1742 2677 1977 2723 menses
2003 2664 2058 2721 et
2089 2659 2154 2720 in
2196 2656 2409 2721 Vitam
2451 2657 2519 2724 S.
2553 2657 2864 2724 Iohannis
2914 2658 3122 2746 Chry·

668 2760 923 2826 sostomi
952 2759 1063 2842 (27
1087 2758 1270 2841 ian.).

750 2861 818 2924 2⁶
862 2857 1285 2921 Narrationes
1333 2855 1664 2940 quasdam,
1713 2875 1929 2940 nempe
1968 2855 2044 2920 de
2089 2854 2406 2920 Cathedra
2449 2855 2625 2921 Petri
2664 2858 2774 2940 (18
2817 2859 3000 2942 ian.),
3043 2859 3124 2923 de

672 2957 973 3042 Symeone
999 2955 1574 3039 Hierosolymitano
1601 2954 1710 3037 (18
1732 2953 1941 3037 seim),
1969 2954 2043 3019 de
2065 2953 2367 3018 Richario
2405 2955 2772 3020 Gentulensi'
2790 2958 2901 3038 (27
2926 2960 3127 3042 apr.),

669 3057 748 3121 de
771 3055 1022 3120 Valente
1040 3055 1319 3138 episcopo
1339 3061 1395 3117 et
1415 3060 1695 3138 martyre
1715 3053 1822 3135 (21
1845 3055 2020 3136 mai),
2044 3053 2119 3118 cle
2139 3053 2414 3135 Carilefo
2436 3056 2500 3136 (1
2522 3053 2681 3138 iul.),
2703 3055 2781 3118 de
2799 3054 3120 3139 Stephano

665 3160 1135 3242 protomartyre
1161 3153 1230 3226 (3
1255 3152 1448 3237 (ιαμ),
1475 3151 1551 3215 de
1587 3150 1881 3232 Claudio,
1915 3153 2162 3216 Asterio
2185 3158 2238 3215 et
2272 3152 2481 3216 Neone
2500 3153 2608 3235 (23
2630 3155 2820 3238 auq.),
2848 3154 2921 3218 de
2945 3155 3124 3220 Iusto

673 3261 731 3321 et
769 3253 1033 3320 Pastore
1071 3252 1188 3334 (27
1223 3254 1418 3336 any),
1459 3250 1536 3315 de
1588 3249 1893 3332 Taracho,
1937 3250 2140 3314 Probo
2182 3258 2237 3315 et
2282 3249 2650 3315 Andronico
2693 3254 2800 3336 (11
2855 3256 3017 3335 oct),
3055 3254 3134 3320 de

684 3354 983 3436 Quintino
1011 3351 1119 3435 (31
1148 3353 1313 3432 oct.).

761 3452 825 3515 3⁰
874 3448 1188 3534 Quicquid
1233 3468 1308 3511 ex
1354 3447 1805 3531 martyroloqio
1853 3446 2102 3511 Adonis
2157 3447 2246 3511 vel
2296 3446 2559 3513 Notlceri
2604 3450 2674 3512 in
2729 3448 3128 3533 Leqendario

679 3551 1017 3615 invenitur.

763 3650 829 3714 4⁰
868 3646 1025 3711 Item
1054 3645 1349 3732 quicquid
1373 3644 1551 3709 habet
1580 3645 1742 3711 idem
1771 3665 1846 3710 ex
1874 3645 2319 3730 martyroloqio
2353 3645 2830 3730 hieronymiano
2870 3647 3120 3712 (lesum-

671 3755 879 3833 ptum.
895 3746 1165 3812 Factum
1188 3751 1275 3809 est
1296 3764 1511 3828 nempe
1528 3764 2005 3827 nonnumquam
2027 3751 2114 3821 ut,
2121 3752 2459 3830 postquam
2466 3747 2791 3828 prolixam
2806 3748 3137 3831 quandam

700 3847 911 3912 Vitam
938 3846 1029 3911 vel
1050 3846 1419 3910 Passionem
1440 3843 1701 3907 aliunde
1726 3845 2147 3925 exscripsisset
2175 3843 2558 3927 Leqenclarii
2585 3846 2887 3927 collector,
2909 3849 2977 3909 in
3005 3845 3133 3922 fine

685 3946 983 4012 subiceret
1002 3964 1245 4029 paucos
1281 3964 1380 4007 eos
1409 3942 1848 4026 martyroloqii
1873 3941 2336 4027 hieronymiani
2367 3944 2549 4023 locos,
2579 3966 2729 4029 quos
2758 3946 2848 4009 ad
2873 3946 3140 4011 eandem

689 4046 850 4111 diem
898 4043 1312 4126 Wolfleardus
1339 4049 1749 4125 excerpserat.
1783 4041 1903 4104 Sed
1940 4049 1994 4105 et
2023 4041 2111 4105 ad
2138 4042 2443 4127 quasdam
2474 4043 2626 4121 dies,
2655 4066 2708 4108 c.
2727 4065 2825 4128 qr.
2856 4046 2940 4108 23
2963 4045 3148 4129 febr„

689 4145 849 4210 nihil
878 4144 1131 4208 omnino
1161 4144 1225 4206 in
1258 4140 1651 4227 Leqenclario
1675 4142 1949 4205 invenire
1973 4147 2058 4204 est
2078 4148 2334 4224 praeter
2360 4163 2432 4205 ea
2465 4144 2602 4226 ipsa
2626 4163 2783 4228 quae
2813 4145 2876 4207 in
2901 4154 3149 4230 marty-

690 4246 926 4329 roloqio
953 4244 1193 4326 scripta
1222 4248 1395 4307 sunt.

785 4343 966 4424 Quod
988 4350 1194 4406 autem
1216 4342 1493 4425 cuipiam
1516 4341 1582 4402 in
1608 4345 1864 4403 mentem
1885 4341 2092 4402 venire
2107 4346 2322 4423 potest,
2342 4360 2558 4424 nempe
2581 4343 2742 4405 inter
2779 4341 3153 4424 Wolfliardi

696 4442 1216 4526 martyroloyium
1238 4448 1292 4504 et
1317 4437 1783 4524 Leqendarium
1801 4439 2212 4502 Austriacum
2234 4441 2418 4523 quasi
2440 4439 2712 4504 medium
2733 4441 3149 4507 intercessisse

693 4538 1166 4625 Leqendarium
1194 4535 1451 4621 aliquod
1479 4534 1662 4599 aliud
1689 4534 1767 4598 ab
1797 4536 1930 4617 ipso
1977 4533 2344 4618 Wolflzarclo
2371 4536 2735 4619 confectum,
2767 4537 2835 4600 id
2877 4545 2932 4601 et
2963 4539 3145 4603 nulla

696 4640 944 4704 ratione
957 4635 1267 4722 probatur
1287 4641 1397 4700 aut
1420 4635 1607 4699 etiam
1631 4635 1939 4714 innuitur,
1961 4641 2016 4697 et
2036 4633 2071 4696 le
2083 4635 2153 4714 is,
2176 4654 2334 4720 quae
2362 4635 2437 4699 de
2465 4637 2808 4700 austriacis
2834 4637 3156 4704 codicibus

696 4739 834 4804 iam
861 4737 1099 4803 dicturi
1122 4755 1361 4815 sumus,
1382 4734 1780 4816 confutatum
1797 4734 1895 4807 ‚iri
1921 4731 2249 4798 credimus.

768 4903 842 4974 (1)
862 4903 946 4960 ct.
964 4902 1336 4957 Wmmmn
1355 4900 1412 4955 in
1437 4900 1672 4955 Archino
1702 4898 1911 4966 Pertzii,
1936 4902 1975 4954 t.
1996 4898 2063 4964 X,
2083 4915 2137 4967 p.
2159 4900 2274 4956 645.
