3487 5450
709 553 848 625 158
1261 572 1350 624 m:
1402 572 1644 624 mono
1696 571 2139 623 Leutuoano
2189 573 2602 624 Ausi-auco,

704 762 858 845 quia
884 765 1036 826 sunt
1063 761 1324 839 usitata,
1353 781 1485 827 non
1512 761 1845 841 miramur,
1868 780 2018 826 cum
2046 761 2342 826 videmus
2372 760 2512 826 fieri
2539 760 2714 827 talia.
2745 761 2879 827 Sed
2906 763 2960 828 si
2988 764 3175 828 vide-

703 862 905 925 rimus
953 860 1291 925 candelam
1341 861 1444 926 vel
1487 861 1767 927 faculam
1816 861 2084 927 accendi
2128 861 2251 926 sub
2290 880 2482 943 aqua,
2513 860 2688 945 quod
2726 862 2890 927 solet
2927 862 3065 927 fieri
3102 863 3171 927 in

705 961 992 1043 quodam
1022 961 1218 1038 fonte,
1241 960 1350 1043 qui
1381 965 1480 1026 est
1501 961 1673 1025 ultra
1700 980 1903 1039 mare,
1926 966 1999 1026 ut
2021 961 2174 1026 dicit
2196 961 2597 1042 Augustinus
2620 961 2689 1025 in
2709 962 2872 1026 libro
2903 962 2977 1025 de
3002 962 3174 1026 Civi-

705 1069 830 1121 mte
857 1059 973 1122 Dei
994 1061 1106 1141 (1),
1124 1060 1223 1124 vel
1246 1062 1299 1124 si
1322 1060 1691 1125 videremus
1718 1065 2099 1144 magnatem
2118 1059 2403 1143 lapidem
2424 1059 2666 1125 ferrum
2690 1080 2922 1143 rapere
2952 1066 3017 1126 et
3042 1061 3174 1127 fer-

705 1179 850 1223 rum
880 1159 1088 1225 iacere
1117 1164 1183 1225 et
1211 1160 1499 1242 pendere
1519 1179 1636 1243 per
1658 1181 1729 1225 se
1752 1161 1893 1226 sine
1912 1161 2189 1243 ligatura
2210 1164 2276 1224 et
2299 1160 2791 1238 sustentamine,
2807 1165 2880 1225 ut
2900 1160 3172 1244 legimus
3203 1180 3231 1228 5

706 1262 984 1323 ferream
1013 1263 1303 1323 statuam
1345 1259 1411 1323 in
1441 1259 1729 1342 quodam
1772 1260 1913 1325 loco
1956 1259 2174 1335 fuisse,
2200 1258 2366 1324 haec
2396 1258 2554 1324 talia
2582 1259 2961 1324 viderentur
2985 1261 3175 1325 nobis

706 1378 944 1439 magna
986 1357 1324 1435 mirabilia,
1355 1360 1510 1441 quia
1534 1378 1667 1424 non
1695 1363 1847 1424 sunt
1876 1360 2141 1436 usitata,
2170 1363 2245 1424 ut
2272 1358 2400 1423 alia
2429 1378 2600 1441 quae
2626 1377 2761 1423 non
2786 1364 2940 1425 sunt
2960 1360 3176 1427 minus

708 1458 1024 1522 miranda.
1052 1457 1187 1522 Nos
1222 1462 1447 1523 tamen
1488 1457 1704 1523 adhuc
1741 1459 1910 1524 mira
1952 1458 2128 1524 facta
2168 1458 2376 1523 sancti
2413 1457 2808 1536 Herculiani,
2838 1477 3008 1541 quae
3051 1460 3176 1524 sci·

707 1576 872 1634 mus,
902 1556 1283 1635 scribamus,
1303 1576 1423 1623 nec
1452 1556 1728 1623 tacendo
1756 1557 1993 1641 ingrati
2022 1559 2434 1623 exsistamus.

789 1663 979 1721 XIV.
1010 1655 1236 1720 Mulier
1265 1656 1593 1739 quaedam
1629 1656 1711 1721 de
1754 1656 1895 1723 loco
1939 1661 2166 1722 sancto
2210 1657 2404 1740 Cypri
2425 1658 2445 1695 ¹
2479 1657 2772 1740 pluribus
2814 1658 3065 1724 intenta
3111 1661 3175 1723 et
3208 1674 3264 1721 ιο

709 1755 1064 1837 negotiosa,
1086 1760 1313 1838 utpote
1343 1775 1513 1838 quae
1554 1756 1844 1821 habebat
1878 1756 2041 1822 filios
2071 1761 2270 1840 atque
2311 1756 2581 1839 regebat
2624 1756 2935 1822 familiam
2977 1757 3119 1823 sola
3132 1758 3177 1837 ⁹,

710 1853 914 1919 noluit
954 1854 1023 1918 in
1063 1854 1416 1920 festivitate
1457 1856 1667 1920 sancti
1707 1855 2080 1921 Herculiani
2108 1856 2205 1920 ire
2234 1855 2321 1921 ad
2349 1875 2583 1939 corpus
2614 1857 2751 1921 eius
2781 1857 2881 1921 vel
2910 1876 3178 1922 manere

712 1955 960 2031 otiosa;
989 1954 1107 2019 sed
1134 1954 1414 2020 dimissis
1450 1954 1781 2020 ferialibus
1801 1955 2129 2038 operibu3‚
2159 1956 2348 2039 quasi
2377 1959 2549 2020 esset
2578 1955 2867 2020 licitum⁸
2895 1960 2963 2021 et
3001 1956 3182 2021 festi·

715 2072 870 2118 vum
909 2072 1095 2136 opuS,
1150 2054 1372 2119 incidit
1414 2058 1614 2138 atque
1663 2056 1795 2119 suit
1848 2053 2150 2120 camisias
2201 2055 2458 2119 duobus
2494 2054 2659 2120 filiis.
2701 2054 2951 2134 Quibus
2992 2056 3180 2139 pueri

713 2153 921 2217 induti
943 2159 1207 2218 sens’um
1228 2153 1651 2235 perdiderunt
1680 2158 1746 2218 et
1772 2153 2196 2229 locutionem;
2219 2173 2338 2219 nec
2364 2154 2820 2237 loquebantur,
2840 2154 2990 2219 licet
3010 2155 3183 2220 faee-
3216 2168 3274 2214 ⁴³

715 2255 864 2317 rent
900 2271 1111 2331 voceS,
1138 2253 1257 2317 sed
1295 2252 1653 2318 frendendo
1693 2256 1760 2317 et
1798 2253 2266 2319 murmurando
2318 2253 2446 2318 huo
2481 2258 2547 2318 et
2588 2253 2738 2318 illuc
2758 2255 2785 2291 ⁴
2826 2255 3184 2320 movebant

693 2355 932 2434 ⁴caput,
960 2356 1116 2416 ante
1160 2347 1226 2416 et
1266 2355 1442 2417 retro
1483 2372 1557 2417 se
1592 2356 1930 2418 moventes
1960 2357 2026 2418 et
2053 2352 2120 2417 in
2150 2352 2419 2418 circuitu
2457 2372 2528 2417 se
2571 2357 2864 2418 rotantes
2899 2353 3184 2437 insanire

712 2451 1124 2530 videbantur,
1149 2469 1273 2515 nec
1300 2452 1530 2516 sedere
1549 2470 1670 2515 nec
1694 2451 1909 2516 iacere
1928 2450 2243 2516 valentes,
2276 2451 2486 2517 Mater
2512 2471 2670 2517 vero
2698 2451 2926 2516 videns
2953 2452 3185 2518 filiolos

715 2551 809 2615 ita
829 2551 1166 2615 dementes
1188 2550 1438 2632 agitari,
1461 2550 1619 2632 quid
1638 2550 1762 2615 hoc
1784 2555 1979 2625 esset,
2009 2551 2221 2633 coepit
2243 2551 2464 2615 mirari
2487 2555 2554 2616 et
2575 2550 2658 2617 de
2681 2549 2934 2616 insania
2957 2571 3187 2617 eorum

714 2648 1105 2732 pernimium
1146 2636 1409 2713 tristari.
1448 2647 1627 2728 Quos
1669 2648 2090 2733 interrogavit
2131 2648 2285 2733 quid
2326 2648 2669 2729 haberent,
2696 2653 2813 2714 aut
2856 2650 3188 2733 quomodo
3224 2671 3286 2721 ιο

716 2748 1125 2830 contigisset;
1154 2748 1272 2814 sed
1299 2749 1456 2813 nihil
1498 2749 1745 2814 audivit
1768 2769 1879 2815 eos
1908 2749 2072 2814 nisi:
2103 2748 2171 2812 ln·
2209 2748 2390 2813 hilm
2428 2748 2513 2813 ha
2542 2749 2965 2833 proferentes.
3010 2750 3191 2816 Dixit

717 2852 976 2913 mater:
1027 2847 1080 2912 Ο
1121 2850 1353 2912 misera
1391 2868 1511 2932 eqo,
1541 2847 1679 2930 filii,
1715 2848 1912 2912 nucleo
1940 2848 2149 2912 labore
2178 2848 2441 2913 educavi
2486 2869 2589 2912 ros
2629 2856 2683 2913 et
2725 2850 2983 2914 nutrivi.
3012 2850 3191 2916 Dum

719 2948 947 3012 mulier
995 2967 1114 3030 pro
1164 2947 1308 3012 filiis
1355 2948 1449 3012 ita
1497 2948 1912 3031 querebatur,
1958 2948 2228 3031 quidam
2272 2948 2354 3013 de
2402 2948 2627 3013 vicinis
2670 2948 3078 3014 advenerunt
3122 2954 3193 3016 et

718 3047 1041 3111 dederunt
1067 3046 1198 3111 tale
1219 3046 1555 3111 consilium
1585 3070 1601 3111 ε
1633 3045 1940 3110 Forsitan
1964 3048 2116 3132 quia
2142 3067 2265 3110 non
2284 3045 2475 3129 fuisti
2494 3048 2559 3110 in
2592 3046 2694 3110 die
2719 3050 2926 3111 sancti
2951 3047 3194 3112 Hercu-

720 3147 902 3225 liam',
931 3147 1183 3230 contiqae‘t
1213 3147 1300 3209 eis
1339 3145 1452 3209 hoc
1481 3146 1741 3210 malum.
1777 3144 2010 3210 Dacico
2041 3166 2140 3211 eos
2168 3146 2258 3210 ad
2288 3167 2515 3230 corpus
2543 3148 2677 3210 eius
2690 3148 2739 3227 ⁸,
2770 3145 2874 3209 ubi
2894 3167 3019 3230 pro
3048 3156 3105 3212 te
3133 3155 3193 3213 et
3223 3166 3289 3216 2³

576 3310 579 3313 ,
711 3267 837 3330 pro
889 3245 976 3309 eis
1018 3244 1234 3327 facias
1291 3246 1633 3308 orationem
1687 3253 1741 3309 et
1798 3251 2027 3308 votum.
2071 3244 2254 3324 Quae
2310 3245 2667 3311 secundum
2709 3245 3048 3312 consilium
3105 3247 3196 3313 ad

720 3349 1021 3409 sancttun
1067 3343 1531 3409 Herculianum
1568 3344 1755 3409 duxit
1794 3344 1998 3422 filios;
2041 3328 2212 3409 facto
2262 3350 2415 3424 voto
2458 3364 2607 3410 cum
2650 3346 2961 3422 oratione,
3005 3346 3197 3428 pueri

720 3445 962 3508 reversi
1010 3448 1164 3509 sunt
1198 3443 1285 3508 ad
1321 3444 1606 3526 priorem
1644 3463 1931 3520 sensum,
1961 3447 2160 3526 atque
2210 3444 2521 3526 appensis
2564 3443 2884 3509 camisiis⁶
2913 3445 2981 3508 in
3024 3446 3197 3510 atrio

708 3543 1049 3622 ecclesiae,
1077 3562 1342 3608 reversa
1377 3547 1477 3607 est
1520 3542 1791 3607 domum
1835 3546 2052 3607 mater
2099 3544 2388 3625 gaudens
2433 3563 2583 3609 cum
2631 3544 2806 3608 sanis
2848 3542 2994 3609 filiis
3037 3545 3197 3624 suiS,

720 3643 964 3726 gratias
991 3661 1191 3725 agens
1218 3642 1378 3718 Deo,
1405 3642 1508 3707 cui
1535 3642 1677 3706 laus
1708 3645 1774 3707 et
1815 3642 2028 3707 honor
2056 3646 2252 3725 atque
2298 3643 2644 3725 imperium
2680 3643 2763 3707 sit
2791 3662 2910 3725 per
2937 3643 3200 3710 infinita
3235 3642 3302 3712 30

722 3742 981 3808 saecula
1008 3741 1434 3808 saeculorum.
1473 3742 1709 3806 Amen.

785 3936 1036 3987 XIV.—
1053 3935 1074 3968 ¹
1093 3932 1343 4002 Cypriani
1364 3935 1509 3987 A.-
1534 3933 1558 3967 ²
1580 3933 1757 3987 solam
1782 3935 1933 3987 codd.
1956 3961 2024 3972 —
2047 3933 2071 3967 ³
2096 3933 2165 3999 (e.
2193 3933 2249 3998 1.)
2273 3932 2308 3986 1.
2334 3948 2382 3986 e.
2416 3936 2482 3987 A.
2503 3961 2571 3972 --
2586 3934 2610 3968 ⁴
2628 3932 2706 3999 (et
2727 3933 2781 4000 i.)
2802 3933 3040 4001 illucque
3066 3935 3207 3989 L.—

723 4018 748 4052 ⁸
771 4018 841 4083 (c.
861 4017 930 4084 e.)
946 4032 994 4070 e.
1012 4032 1058 4070 c.
1078 4018 1208 4070 L.-
1232 4016 1256 4051 ⁶
1279 4015 1490 4070 camisii
1510 4016 1579 4069 L.

793 4200 865 4263 (l)
901 4198 1019 4253 Lib.
1041 4197 1184 4264 xxl,
1210 4214 1328 4267 cap.
1355 4199 1404 4252 7.
