3487 5450
1265 586 1613 686 sermon:
1661 633 1813 686 m.
2618 610 2750 712 ²⁰¹

297 838 460 885 nem
520 838 700 904 aqua
759 818 1094 904 implevit’
1154 822 1225 885 et
1284 820 1372 887 ad
1431 819 1773 887 dominum
1836 840 2030 887 suum
2090 814 2512 888 devotissime
2568 826 2765 916 orans

294 918 640 985 remeavit.

374 1025 449 1082 4.
498 1017 634 1083 Sed
671 1017 850 1083 Deus
888 1018 1322 1102 omnipotens,
1352 1019 1464 1102 qui
1500 1037 1863 1102 numquam
1882 1019 2279 1087 obliviscitur
2302 1019 2594 1086 fidelium
2619 1039 2766 1099 suo,-¹

293 1136 468 1195 rum,
498 1117 743 1201 quique
762 1117 1001 1183 merita
1019 1120 1404 1201 compensat
1429 1118 1847 1202 singulorum,
1868 1118 2171 1202 dignatus
2193 1122 2293 1185 est
2308 1120 2331 1158 ¹
2358 1119 2542 1202 signo
2561 1119 2766 1197 admi,-

217 1232 256 1281 ι
296 1215 491 1281 rabili
538 1216 896 1282 clarificare
921 1216 1239 1283 famulum
1277 1237 1489 1283 suum.
1524 1218 1677 1283 Mox
1717 1219 1892 1283 enim
1940 1222 2014 1287 ut
2063 1219 2352 1298 accessit,
2392 1218 2764 1287 Alexander

292 1315 647 1398 presbyter
666 1315 854 1382 iussit
867 1317 891 1355 ¹
910 1315 1035 1381 sibi
1053 1317 1076 1355 ¹
1096 1335 1397 1382 mensam
1413 1336 1834 1400 praeparare,
1846 1336 1980 1382 non
2000 1321 2224 1383 tamen
2245 1317 2762 1411 simplicitetseq,

296 1414 486 1498 quasi
514 1414 744 1484 vinum
781 1434 918 1485 non
936 1414 1236 1481 haberet.
1261 1415 1621 1482 Confestim
1643 1435 1904 1500 quoque
1931 1416 2116 1482 iussit
2142 1416 2264 1482 sibi
2286 1417 2595 1500 poculum
2618 1436 2762 1501 pro»,

291 1513 530 1597 pinari.
559 1515 651 1579 At
678 1514 806 1592 ille,
832 1533 1018 1580 more
1058 1514 1248 1580 solito
1273 1514 1495 1598 prius²
1520 1518 1793 1599 accepta
1819 1515 2289 1594 benedictione,
2310 1515 2621 1599 poculum
2643 1516 2764 1609 sibi

295 1613 385 1678 ad
408 1612 772 1678 bibendum
785 1613 816 1651 ⁸
834 1613 1145 1697 porrexit.
1167 1613 1300 1679 Sed
1327 1614 1705 1680 Alexandro
1735 1614 2148 1680 existimante
2177 1615 2353 1699 quod
2381 1615 2503 1680 sibi
2526 1635 2756 1699 aquan.

186 1727 251 1774 w
293 1712 678 1796 simpliciter
716 1712 1097 1796 porrigeret,
1138 1732 1262 1797 per
1307 1714 1544 1779 merita
1590 1714 1799 1779 sancti
1857 1713 2095 1779 Florini
2138 1713 2418 1797 gloriosa
2464 1714 2770 1799 lymphae

294 1816 542 1877 natura
561 1812 777 1877 invini
797 1831 1105 1896 saporem
1123 1816 1225 1878 est
1244 1815 1521 1878 mutata.
1532 1812 1830 1897 Cumque
1855 1814 2197 1897 presbyter
2208 1814 2432 1879 vinum
2445 1814 2760 1896 gustandc

295 1915 574 1994 stupens
614 1911 683 1976 id
713 1912 889 1995 quod
918 1911 1166 1977 factum
1205 1911 1421 1977 fuerat
1458 1912 1825 1990 miraretur,
1854 1914 2162 1978 continuo
2205 1932 2285 1977 ex
2309 1913 2612 1978 accubitu
2651 1932 2760 1979 suc

292 2010 592 2094 prosiliit,
613 2011 894 2094 pedibus
936 2011 1075 2077 eius
1104 2010 1452 2077 advolutus
1477 2011 1806 2077 humiliter
1835 2030 1987 2077 eum
2036 2012 2241 2095 petiit,
2262 2012 2356 2089 ut,
2385 2012 2551 2077 sicut
2589 2012 2764 2097 prim

291 2110 562 2175 inferior
584 2129 664 2175 eo
697 2110 930 2189 hierat,
966 2110 1057 2176 sic
1084 2111 1219 2176 iam
1271 2130 1350 2176 eo
1401 2110 1694 2194 superior
1742 2114 1936 2191 esset,
1967 2114 2034 2176 et
2085 2111 2274 2195 quasi
2323 2111 2660 2194 praelatus
2707 2115 2772 2179 et

191 2220 254 2269 ω
296 2210 611 2293 magister
638 2208 765 2274 sibi
810 2210 1187 2292 imperaret,
1223 2209 1366 2293 ipse
1392 2228 1547 2275 vero
1601 2210 1774 2275 velut
1823 2211 2034 2275 iunior
2078 2230 2194 2275 seu
2236 2210 2593 2294 discipulus
2629 2211 2769 2277 eius

292 2309 676 2391 magisterio
703 2308 807 2373 in¹
824 2308 1132 2373 omnibus
1145 2310 1167 2347 ¹
1188 2310 1693 2393 obtemperaret.
1715 2309 1849 2375 Sed
1871 2310 1970 2374 vir
1987 2309 2108 2374 Dei
2126 2330 2248 2393 per
2272 2310 2495 2375 omnia
2516 2330 2590 2375 se
2611 2310 2776 2376 indi-

295 2428 509 2491 gnum.
525 2407 912 2486 vociferans,
936 2407 1244 2491 deinceps
1267 2410 1698 2475 oeconomos⁴
1720 2428 1865 2475 esse
1887 2409 2101 2474 renuit
2121 2427 2324 2492 seque
2343 2429 2386 2474 a
2405 2408 2765 2475 ministerio

292 2508 420 2573 sibi
444 2507 696 2572 credito
723 2506 1071 2572 subtraxit.

379 2614 454 2671 5.
503 2605 628 2670 His
674 2606 770 2669 ita
818 2604 1038 2687 gestis,
1078 2605 1458 2671 Alexandro
1483 2606 1869 2689 presbytero
1895 2625 2030 2672 una
2078 2625 2229 2671 cum
2270 2606 2518 2671 civibus
2566 2606 2774 2690 impe-

191 2720 256 2771 20
294 2709 485 2771 rante
506 2706 546 2783 ¹,
590 2705 827 2771 beatus
869 2703 1166 2770 Florinus
1198 2706 1542 2789 presbyter
1574 2708 1674 2771 est
1710 2706 2070 2771 ordinatus.
2111 2705 2270 2771 Post
2314 2706 2498 2784 haec,
2541 2706 2773 2790 paucis

292 2806 530 2871 diebus
550 2804 923 2874 transactis.
951 2803 1329 2870 Alexander
1369 2805 1713 2888 presbyter
1755 2805 2131 2888 defungitur
2158 2806 2428 2891 eiusque
2464 2806 2774 2872 ecclesiae

290 2902 623 2986 regendae
671 2905 938 2967 sanctus
990 2901 1288 2968 Florinus
1317 2901 1713 2985 praeficitur.
1761 2902 1891 2967 Ubi
1919 2902 2194 2970 Domino
2237 2906 2304 2969 et
2343 2903 2588 2968 sanctis
2632 2904 2771 2968 eius

293 3001 573 3067 fideliter
593 3000 990 3080 desei-viem,
1011 3002 1223 3065 sancti
1250 3000 1531 3083 Spiritus
1555 3001 1953 3066 revelatione
1977 3001 2294 3067 didicerat
2321 3001 2629 3085 quicquid
2649 3002 2772 3068 sibi

294 3105 451 3167 ante
471 3100 576 3167 vel
596 3103 751 3184 post
770 3100 1024 3165 obitum
1046 3118 1239 3165 suum
1262 3099 1552 3165 futurum
1578 3100 1817 3165 fuerat.

193 3225 260 3274 π
377 3206 450 3266 6.
511 3201 812 3282 Cumque
859 3199 1036 3264 diem
1087 3199 1446 3265 vocationis
1487 3193 1649 3264 suae
1710 3199 2239 3283 appropinquare
2293 3205 2771 3282 praenosceret,

297 3299 740 3366 altercationis
753 3300 775 3337 ¹
802 3297 1061 3364 futurae
1080 3298 1435 3381 praescius,
1462 3297 1780 3378 homines
1805 3318 1969 3382 quos
1998 3299 2212 3364 adhuc
2231 3298 2510 3364 vivendo
2529 3300 2775 3365 nutrie-

295 3403 418 3479 rat,
439 3400 646 3464 etiam
665 3396 1010 3463 moriendo
1037 3396 1343 3463 deserere
1371 3397 1654 3463 nolebat.
1673 3397 1900 3462 Maluit
1928 3398 2099 3462 enim
2122 3398 2188 3462 in
2217 3397 2450 3463 eodem
2468 3398 2612 3463 loco
2633 3417 2774 3464 cor-

297 3498 608 3580 poraliter
633 3497 939 3563 ultimum
966 3495 1204 3562 futuri²
1232 3496 1555 3561 examinis
1583 3497 1758 3561 diem
1786 3497 2190 3580 praestolari,
2213 3516 2414 3579 quam
2444 3497 2530 3562 ad
2555 3497 2772 3562 locum

296 3597 656 3662 nativitatis
684 3615 865 3674 suae,
887 3616 930 3661 a
952 3615 1084 3680 quo
1104 3595 1253 3661 illuc
1284 3599 1573 3674 venerat,
1593 3596 1935 3679 reportari.
1964 3596 2046 3660 Et
2075 3596 2310 3660 idcirco
2332 3596 2415 3660 de
2436 3597 2773 3679 sepultura

198 3716 264 3767 ³0
301 3715 419 3762 sua
442 3696 585 3762 illos
606 3695 1045 3779 praemonuit,
1074 3714 1240 3779 quos
1277 3694 1611 3760 solaminis
1639 3694 1740 3759 sui
1766 3695 2114 3778 participes
2146 3713 2292 3759 esse
2318 3695 2543 3760 voluit.
2575 3695 2775 3760 Prae-

300 3796 564 3861 veniens
592 3796 819 3878 itaque
847 3798 1198 3878 parentum
1230 3794 1589 3860 adventum
1630 3813 1917 3873 suorum,
1945 3795 2279 3877 praecepit
2309 3794 2532 3859 incolis
2566 3793 2774 3861 Here-

303 3897 602 3971 musciae,
623 3899 697 3960 ut
721 3914 881 3960 suae
907 3893 1442 3977 praemonitionis
1458 3912 1591 3959 non
1611 3893 2024 3957 immemores
2055 3898 2202 3976 post
2224 3894 2474 3958 obitum
2491 3913 2684 3959 suum
2704 3896 2772 3960 in

308 3995 599 4077 sepulcro
627 4013 747 4058 suo
777 3994 944 4058 duos
977 3993 1417 4076 sarcophagos
1443 3996 1855 4076 reponerent,
1878 3997 2076 4075 atque
2118 3993 2274 4056 utin
2308 3992 2514 4057 altero
2544 4011 2771 4058 eorum

307 4110 532 4175 corpus
561 4111 754 4157 suum
784 4091 1237 4163 reconderent,
1259 4091 1326 4154 in
1350 4089 1553 4154 altero
1573 4109 1729 4153 vero
1760 4089 1928 4153 ferro
1954 4089 2249 4170 colligato
2270 4091 2559 4154 casulam
2581 4110 2772 4156 suam

201 4209 268 4261 ³5
303 4196 687 4273 reponerent
730 4191 1076 4272 ipsumque
1126 4189 1324 4271 priori
1367 4194 1900 4271 superponerent.
1950 4189 2172 4253 Haec³
2221 4189 2318 4253 vir
2360 4188 2479 4253 Dei
2521 4192 2772 4273 praeci-

308 4291 482 4371 piens
503 4290 840 4355 subiunxit
863 4290 1126 4354 dicens:
1151 4287 1298 4352 Scio
1319 4288 1597 4373 equidem
1623 4289 1772 4372 quia
1786 4295 1930 4370 post
1950 4289 2287 4352 discessum
2310 4309 2514 4351 meum
2540 4290 2775 4353 venient

302 4399 585 4472 parentes
618 4391 739 4452 mei
764 4395 821 4452 et
844 4390 1035 4452 vicini
1062 4410 1105 4451 a
1134 4388 1263 4452 loco
1298 4387 1647 4451 nativitatis
1667 4407 1856 4462 meae,
1878 4389 1990 4472 qui
2016 4408 2111 4450 me
2130 4389 2375 4470 cupient
2397 4387 2545 4451 hinc
2569 4395 2773 4453 trans·

309 4485 486 4566 ferre.
515 4487 760 4568 Quibus
786 4486 1263 4550 advenientibus
1294 4493 1351 4551 et
1371 4485 1677 4550 vobiscum
1697 4505 1826 4570 pro
1847 4488 2129 4571 corporis
2157 4488 2278 4550 uzei
2299 4485 2477 4571 yleba
2516 4486 2774 4572 litiqan-

314 4753 412 4792 ..ι
615 4753 629 4765 ·

372 4755 791 4891 lep-1220&
812 4861 884 4873 —-
903 4834 928 4869 ¹
942 4833 1111 4903 petita
1136 4834 1216 4888 Π.
1245 4860 1317 4873 -
1334 4832 1363 4867 ⁸
1387 4831 1479 4897 (ad
1494 4832 1570 4898 b.)
1590 4831 1968 4886 adhibendum
1993 4834 2059 4886 0.
2076 4859 2145 4871 —
2159 4833 2185 4867 ⁴
2201 4846 2501 4886 economus
2526 4833 2595 4886 G.

377 4919 436 4972 5.
462 4919 923 4986 —1impetnnte
944 4917 1024 4971 1.

376 5001 434 5054 Β.
460 4997 1431 5062 -121mafioni11.—¹rnturm
1453 4996 1731 5052 1.—⁸ut
1752 4997 1977 5051 aar.
