3487 5450
726 582 865 656 192
1275 602 1364 655 m:
1416 600 1658 655 11111110
1708 600 2150 656 1331111111ωο
2198 601 2612 655 1351111130.

1415 790 1607 889 'vm
1649 829 1716 888 s.
1761 826 2040 887 Aurem
2080 826 2390 899 episcopi
2403 822 2426 860 ¹

809 984 876 1041 1.
906 974 1105 1057 Igitur
1133 974 1368 1039 beatus
1395 971 1698 1038 Aurelius
1724 971 2058 1056 provincia
2083 970 2434 1036 Armeniae
2454 974 2638 1037 ortus
2666 974 2865 1055 atque
2892 973 3175 1039 nutritus

713 1073 855 1141 fuit.
876 1074 1047 1139 Nam
1066 1073 1467 1138 nutrimenta
1498 1071 1979 1138 adulescentiae
1998 1070 2184 1150 illius,
2205 1090 2377 1154 quae
2398 1071 2484 1137 ad
2508 1075 2647 1137 tam
2663 1071 2914 1138 felicem
2933 1071 3177 1139 calcem

710 1176 1170 1259 pervenerunt,
1219 1172 1471 1255 optima
1514 1170 1653 1237 fore
1697 1171 2143 1237 indubitanter
2168 1171 2510 1237 credimus.
2538 1170 2723 1250 Quae
2752 1172 2906 1255 quia
2928 1192 3179 1239 memo-

710 1274 849 1340 riae
890 1275 1157 1338 nostrae
1207 1271 1425 1355 aliquo
1471 1270 1832 1354 scripturae
1871 1269 2104 1336 indicio
2145 1270 2391 1336 inserta
2428 1290 2562 1336 non
2601 1271 2878 1350 fuerant,
2923 1273 3176 1339 silentio
3211 1292 3247 1342 11

708 1372 1170 1456 praeterimus»,
1199 1389 1280 1436 ea
1307 1373 1571 1436 tantum
1602 1370 1798 1435 modo
1827 1370 2204 1449 recolentes,
2234 1389 2405 1453 quae
2433 1370 2515 1435 de
2545 1371 2994 1453 episcopatus
2977 1374 3178 1456 ipsius

708 1472 902 1585 apice
961 1471 1066 1536 vel
1128 1468 1212 1534 de
1261 1468 1698 1547 contentione,
1767 1487 1967 1552 quam
2023 1472 2250 1535 contra
2309 1470 2876 1553 perversissimam
2933 1476 3180 1537 sectam

709 1571 1017 1637 arrianae
1070 1569 1419 1635 haereseos
1476 1568 1656 1634 illum
1708 1568 1916 1651 egisse
1965 1587 2113 1633 cum
2161 1568 2443 1652 reliquis
2494 1570 2602 1651 qui
2667 1574 2820 1634 tunc
2867 1571 3182 1653 temporis

706 1668 1139 1782 praeliatores
1192 1667 1427 1734 Christi
1473 1667 1690 1732 invicti
1746 1671 2125 1747 noscuntur,
2163 1668 2415 1751 experti
2456 1687 2701 1747 sumus,
2731 1688 2853 1733 nec
2893 1669 3180 1736 eiusdem

710 1769 924 1836 sancti
950 1766 1071 1833 viri
1092 1770 1279 1850 gesta
1300 1770 1800 1850 ceterorumque
1825 1767 2096 1832 eodem
2077 1786 2145 1831 111
2165 1769 2462 1850 tempore
2483 1787 2603 1850 pro
2627 1767 2865 1833 Christi
2884 1768 3015 1833 fide
3037 1773 3186 1835 acta
3223 1786 3287 1836 111

711 1869 1073 1936 certamina
1120 1867 1207 1932 ad
1257 1886 1496 1950 purum
1546 1866 1837 1950 digerere
1897 1886 2266 1949 possumuS,
2308 1867 2434 1931 nisi
2495 1867 2787 1932 eiusdem
2834 1867 3181 1935 haereseos

711 1968 935 2052 aliqua
954 1965 1191 2031 indicia
1219 1965 1557 2049 sagacitati
1604 1964 1864 2030 lectoris
1907 1964 2191 2030 enodare
2231 1958 2577 2043 tentemuS,
2598 1966 2876 2049 ideoque
2906 1966 2988 2031 de
3017 1968 3182 2031 eius-

713 2067 867 2134 dem
914 2066 1264 2131 haereseos
1312 2064 1513 2141 initio,
1558 2082 1816 2129 necnon
1859 2063 1943 2129 de
1984 2063 2460 2129 ferventissima
2500 2065 2704 2147 ipsius
2735 2067 3185 2148 persecutione

710 2166 1074 2232 memoriae
1100 2165 1416 2230 mandare
1442 2164 1835 2229 curabimus,
2595 2244 2600 2248 ι

715 2365 1067 2451 presbyter
1087 2362 1355 2447 quidam
1368 2361 1816 2429 Alexandriae
1835 2362 2081 2427 exstitit
2101 2361 2330 2427 Arrius
2343 2362 2625 2441 nomine,
2641 2364 2750 2447 qui
2770 2383 2977 2447 prava
2990 2384 3193 2448 quae·-

633 2508 637 2511 ‡
715 2465 878 2531 dam
920 2463 1002 2528 de
1046 2462 1286 2527 Christi
1313 2461 1443 2528 fide
1470 2461 1788 2545 proferre,
1819 2480 1989 2544 quae
2014 2480 2355 2544 nunquam
2397 2467 2594 2538 antea
2635 2464 2704 2528 in
2740 2465 3189 2547 quaestionem

713 2564 1050 2639 venerant,
1080 2561 1326 2644 coepit3
1370 2560 1710 2626 abscidere
1761 2560 1999 2626 scilicet
2041 2579 2118 2625 ac
2160 2579 2468 2645 separare
2518 2562 2603 2626 ab
2646 2561 2756 2627 illa
2811 2566 3082 2629 aeterna
3121 2566 3190 2629 et

714 2661 1030 2746 ineffabili
1057 2660 1320 2727 deitatis
1344 2660 1717 2725 substantia
1736 2660 1839 2725 vel
1860 2664 2098 2724 natura
2125 2660 2356 2725 Filium
2384 2662 2763 2729 conabatur.
2785 2662 2968 2742 Quae
2994 2683 3103 2729 res
3122 2664 3192 2730 in

714 2763 990 2831 ecclesia
1029 2760 1343 2845 plurimos
1386 2760 1843 2832 conturbabat.
1890 2758 2023 2825 Sed
2065 2779 2213 2826 cum
2255 2760 2630 2827 Alexander
2679 2763 2968 2829 eiusdem
3009 2763 3192 2830 urbis
3226 2777 3295 2828 w

623 2877 626 2881 ’
714 2863 1061 2947 episcopus
1103 2858 1400 2944 plurimis
1442 2859 1998 2925 admonitionibus
2039 2878 2082 2924 a
2120 2878 2326 2942 pravo
2387 2860 2646 2943 incepto
2686 2861 2867 2927 illum
2924 2866 3197 2946 cuperet

713 2980 1048 3039 revocare,
1064 2963 1130 3025 et
1153 2949 1259 3025 res
1283 2959 1344 3025 ei
1362 2958 1538 3025 nullo
1564 2958 1763 3024 modo
1785 2978 1869 3025 ex
1889 2959 2212 3024 sententia
2231 2959 2510 3037 cederet,
2527 2960 2972 3045 plurimosque
2994 2963 3196 3028 etiam

653 3136 656 3140 ,
718 3062 807 3128 ab
846 3060 953 3125 illo
995 3062 1337 3143 corruptos
1379 3078 1521 3124 non
1567 3057 1777 3123 solum
1818 3057 2081 3136 ibidem,
2123 3077 2350 3123 verum
2393 3059 2593 3124 etiam
2634 3080 2754 3143 per
2793 3060 2956 3126 alias
2994 3062 3198 3128 urbes

716 3158 1165 3273 comperisset,
1194 3157 1636 3241 perniciosum
1671 3156 1809 3222 fore
1838 3158 2130 3236 credenS,
2158 3158 2213 3223 si
2241 3158 2339 3222 dis
2342 3158 2678 3224 simularet
2706 3179 2748 3224 a
2787 3159 3028 3226 talibus
3055 3161 3201 3244 plu-

717 3259 897 3325 rimis
922 3261 988 3323 et
1012 3257 1461 3323 sacerdotibus
1477 3276 1618 3322 rem
1641 3256 1949 3336 indicare,
1957 3256 2260 3370 'du-mque
2281 3258 2576 3340 quaestio
2588 3258 2782 3324 latius
2794 3259 3300 3342 1111101351111ι

720 3377 939 3425 sermo
971 3376 1181 3440 usque
1211 3357 1299 3421 ad
1341 3375 1534 3422 atu-es
1568 3356 1846 3438 religiosi
1873 3355 2180 3439 principis
2206 3357 2521 3439 pervenit.
2563 3357 2746 3423 Tunc
2774 3359 2879 3424 ille
2921 3379 3002 3423 ex
3047 3380 3197 3426 sen-

674 3506 683 3514 .
719 3458 929 3525 tentia
951 3456 1366 3522 sacerdotum
1387 3456 1567 3538 apud
1595 3456 1828 3520 urbem
1850 3455 2197 3520 Nicaeam²
2211 3456 2577 3540 episcopale
2598 3457 2937 3523 concilium
2958 3478 3196 3526 convo·

722 3557 957 3637 cat,ibi
984 3555 1248 3621 Arrium
1258 3555 1304 3634 ⁸,
1317 3555 1624 3620 trecentis
1645 3555 1872 3620 decem
1895 3560 1959 3619 et
1979 3558 2125 3619 octo
2148 3556 2466 3638 episcopis
2492 3557 2946 3635 residentibus»,
2959 3560 3195 3626 adesse

644 3681 649 3684 ·
723 3657 923 3735 iubet,
957 3674 1034 3720 ac
1077 3654 1160 3725 de
1204 3655 1341 3720 eius
1380 3653 1939 3737 propositionibus
1981 3654 2638 3738 quaestionibusque⁴
2678 3656 2966 3722 iudicari.
2998 3658 3197 3723 Cum-

726 3776 854 3840 que
887 3754 1135 3821 diutino
1164 3757 1448 3819 tractatu
1470 3754 1866 3819 assertiones
1896 3753 2034 3818 eius
2062 3753 2537 3840 discuterentur
2580 3758 2664 3835 et,
2694 3755 2851 3839 quid
2878 3758 3197 3824 adversus
3235 3781 3309 3834 30

726 3855 868 3920 illas
882 3855 911 3894 ⁶
951 3853 1160 3918 teneri
1187 3853 1459 3918 deberet
1489 3856 1606 3917 aut
1646 3852 1865 3931 statui,
1893 3872 2150 3917 summa
2177 3872 2326 3918 cum
2367 3854 2708 3920 libratione
2749 3861 3198 3940 quaereretur,

727 3957 880 4038 post
910 3953 1255 4018 assiduum
1283 3952 1880 4035 creberrimumque
1907 3956 2278 4030 tractatum,
2303 3952 2518 4036 placet
2543 3954 2887 4020 omnibus⁸
2913 3976 2992 4021 ac
3018 3957 3200 4024 velut

725 4073 857 4120 uno
900 4056 1283 4118 cunctorum
1310 4072 1425 4118 ore
1453 4057 1520 4117 et
1562 4052 1757 4117 corde
1801 4051 2167 4117 decernitur
2207 4053 2547 4118 omousion
2563 4054 2587 4091 ⁷
2617 4054 2809 4119 scribi
2838 4055 3101 4137 debere,
3128 4057 3200 4122 id

708 4156 829 4238 ‘est
870 4152 1163 4218 eiusdem
1203 4171 1352 4218 cum
1396 4150 1594 4217 Patre
1636 4150 2041 4216 substantiae
2082 4150 2312 4216 Filium
2360 4152 2671 4231 confiteri,
2714 4154 2782 4218 id
2821 4154 3200 4222 firmissima

726 4252 1021 4319 omniurn
1070 4251 1394 4316 sententia
1433 4251 1800 4316 roboratur.
1827 4249 2125 4315 Defertur
2151 4251 2571 4317 sacerdotalis
2600 4253 2846 4318 concilii
2872 4256 3204 4322 sententia
3241 4276 3317 4329 aa

727 4353 815 4418 ad
846 4351 1390 4419 Constantinum.
1431 4350 1541 4415 Ille
1591 4354 1907 4434 tanquam
1949 4369 1989 4415 a
2017 4349 2155 4415 Deo
2194 4350 2522 4433 prolatam
2561 4357 2932 4418 veneratur.
2973 4356 3089 4420 Cui
3138 4355 3204 4421 si

731 4451 841 4537 qui
857 4453 1230 4516 tentassent
1246 4450 1470 4529 obniti,
1491 4450 1559 4514 in
1576 4450 1872 4514 exsilium
1890 4449 2185 4534 protinus
2202 4469 2273 4515 se
2293 4455 2697 4533 protestatur
2723 4456 3042 4518 acturum.
3064 4453 3203 4520 Sex

729 4570 883 4635 ergo
912 4549 1379 4615 tantummodo
1408 4568 1555 4613 cum
1595 4548 1787 4614 Arrio
1817 4568 1888 4614 se
1929 4549 2265 4632 patiuntur
2307 4549 2570 4632 expelli3
2614 4551 2835 4634 sicque
2870 4571 3080 4636 usque
3108 4554 3204 4620 ad

729 4650 993 4716 exitum·
1009 4648 1185 4713 vitae
1213 4667 1423 4731 paene
1453 4647 1860 4713 Constantini
1887 4648 2051 4714 fides
2073 4648 2389 4714 catholica
2411 4649 2792 4715 inconcussa
2811 4653 3202 4734 permansit.

797 4799 827 4843 ἴ
839 4806 1050 4862 Eodem
1073 4805 1160 4859 die
1182 4805 1249 4860 A.
1264 4822 1348 4873 ep.
1367 4806 1450 4872 3,·
1465 4806 1659 4860 lemma
1673 4823 1778 4860 om.
1793 4807 1861 4859 L.

792 4890 861 4943 2.
884 4916 953 4928 -
971 4889 990 4924 ¹
1008 4888 1373 4942 innotesceret
1384 4888 1542 4941 M.—
1569 4888 1593 4921 ²
1616 4887 1813 4941 Nixam
1835 4888 2048 4945 H-L.—
2068 4889 2093 4923 ³
2111 4890 2165 4954 (i.
2185 4891 2267 4955 Α.)
2290 4908 2389 4944 om.
2417 4893 2476 4945 L.
2496 4919 2557 4930 -—
2576 4891 2601 4926 ⁴
2623 4907 2732 4960 que
2754 4893 2881 4946 add.
2897 4904 3201 4964 κωμική.

730 4972 792 5024 ὅ.
813 4971 883 5026 1..
903 5001 973 5014 -
994 4969 1143 5036 ἔωσι.
1160 4970 1229 5024 L.
1251 4997 1315 5010 -
1333 4970 1359 5006 ⁸
1379 4971 1644 5037 addaup.
1670 4972 1770 5029 lin,
1793 4971 1859 5024 L.
1877 4998 1940 5008 —
1965 4971 1987 5005 ⁷
2005 4973 2295 5041 omoysion
2310 4974 2458 5029 ΕΜ.
