<?xml version="1.0" encoding="UTF-8"?>
<!DOCTYPE html PUBLIC "-//W3C//DTD XHTML 1.0 Transitional//EN"
    "http://www.w3.org/TR/xhtml1/DTD/xhtml1-transitional.dtd">
<html xmlns="http://www.w3.org/1999/xhtml" xml:lang="en" lang="en">
 <head>
  <title>
</title>
<meta http-equiv="Content-Type" content="text/html;charset=utf-8" />
  <meta name='ocr-system' content='tesseract 3.04.00' />
  <meta name='ocr-capabilities' content='ocr_page ocr_carea ocr_par ocr_line ocrx_word'/>
</head>
<body>
  <div class='ocr_page' id='page_1' title='image "analectabolland01bollgoog_0427.png"; bbox 0 0 3487 5450; ppageno 0'>
   <div class='ocr_carea' id='block_1_1' title="bbox 1325 503 2744 575">
    <p class='ocr_par' dir='ltr' id='par_1_1' title="bbox 1325 503 2744 575">
     <span class='ocr_line' id='line_1_1' title="bbox 1325 503 2744 575; baseline 0.002 -3"><span class='ocrx_word' id='word_1_1' title='bbox 1325 522 1678 575; x_wconf 60' lang='lat' dir='ltr'>munaus,</span> <span class='ocrx_word' id='word_1_2' title='bbox 2595 503 2744 575; x_wconf 70' lang='lat'>417</span> 
     </span>
    </p>
   </div>
   <div class='ocr_carea' id='block_1_2' title="bbox 138 709 2762 4118">
    <p class='ocr_par' dir='ltr' id='par_1_2' title="bbox 267 709 2748 1112">
     <span class='ocr_line' id='line_1_2' title="bbox 267 709 2745 792; baseline 0 -17"><span class='ocrx_word' id='word_1_3' title='bbox 267 730 384 788; x_wconf 90' lang='grc' dir='ltr'>νος</span> <span class='ocrx_word' id='word_1_4' title='bbox 422 709 732 787; x_wconf 81' lang='grc' dir='ltr'>ἐλάλησα,</span> <span class='ocrx_word' id='word_1_5' title='bbox 762 709 1143 789; x_wconf 86' lang='grc' dir='ltr'>δέομαί-σου</span> <span class='ocrx_word' id='word_1_6' title='bbox 1163 731 1177 744; x_wconf 93' lang='grc'>·</span> <span class='ocrx_word' id='word_1_7' title='bbox 1220 712 1258 790; x_wconf 88' lang='grc' dir='ltr'>ἡ</span> <span class='ocrx_word' id='word_1_8' title='bbox 1286 712 1641 790; x_wconf 85' lang='grc' dir='ltr'>βασίλισσα</span> <span class='ocrx_word' id='word_1_9' title='bbox 1668 712 1863 789; x_wconf 81' lang='grc' dir='ltr'>λέγει·</span> <span class='ocrx_word' id='word_1_10' title='bbox 1890 713 2018 792; x_wconf 82' lang='grc' dir='ltr'>ἔχω</span> <span class='ocrx_word' id='word_1_11' title='bbox 2049 711 2180 788; x_wconf 84' lang='grc' dir='ltr'>ἐγὼ</span> <span class='ocrx_word' id='word_1_12' title='bbox 2210 714 2328 791; x_wconf 82' lang='grc' dir='ltr'>τὴν</span> <span class='ocrx_word' id='word_1_13' title='bbox 2350 713 2745 777; x_wconf 84' lang='grc' dir='ltr'>αὐτόλεκτον</span> 
     </span>
     <span class='ocr_line' id='line_1_3' title="bbox 270 818 2746 904; baseline 0.002 -24"><span class='ocrx_word' id='word_1_14' title='bbox 270 819 503 896; x_wconf 88' lang='grc' dir='ltr'>φωνὴν</span> <span class='ocrx_word' id='word_1_15' title='bbox 543 820 662 880; x_wconf 87' lang='grc' dir='ltr'>τοῦ</span> <span class='ocrx_word' id='word_1_16' title='bbox 707 818 1081 894; x_wconf 84' lang='grc' dir='ltr'>εὐαγγελίου</span> <span class='ocrx_word' id='word_1_17' title='bbox 1135 819 1205 882; x_wconf 88' lang='grc' dir='ltr'>ἐν</span> <span class='ocrx_word' id='word_1_18' title='bbox 1243 819 1413 903; x_wconf 87' lang='grc' dir='ltr'>ποίῳ</span> <span class='ocrx_word' id='word_1_19' title='bbox 1455 820 1636 904; x_wconf 84' lang='grc' dir='ltr'>τόπῳ</span> <span class='ocrx_word' id='word_1_20' title='bbox 1681 820 2069 899; x_wconf 81' lang='grc' dir='ltr'>ἐσταυρώθη</span> <span class='ocrx_word' id='word_1_21' title='bbox 2104 820 2142 883; x_wconf 99' lang='lat'><em>6</em></span> <span class='ocrx_word' id='word_1_22' title='bbox 2189 819 2492 900; x_wconf 89' lang='grc' dir='ltr'>Χριστός,</span> <span class='ocrx_word' id='word_1_23' title='bbox 2538 820 2746 897; x_wconf 89' lang='grc' dir='ltr'>μόνον</span> 
     </span>
     <span class='ocr_line' id='line_1_4' title="bbox 269 910 2748 1015; baseline 0 -27"><span class='ocrx_word' id='word_1_24' title='bbox 269 922 610 989; x_wconf 82' lang='grc' dir='ltr'>ὑπόδειξόν</span> <span class='ocrx_word' id='word_1_25' title='bbox 658 946 763 1005; x_wconf 90' lang='grc' dir='ltr'>μοι</span> <span class='ocrx_word' id='word_1_26' title='bbox 811 910 1377 1004; x_wconf 70' lang='grc' dir='ltr'>τὸνκαλούμενον</span> <span class='ocrx_word' id='word_1_27' title='bbox 1429 928 1721 1005; x_wconf 90' lang='grc' dir='ltr'>κρανίου</span> <span class='ocrx_word' id='word_1_28' title='bbox 1747 927 1969 1001; x_wconf 88' lang='grc' dir='ltr'><strong>τόπον,</strong></span> <span class='ocrx_word' id='word_1_29' title='bbox 2014 926 2197 1015; x_wconf 83' lang='grc' dir='ltr'>κάγὼ</span> <span class='ocrx_word' id='word_1_30' title='bbox 2242 927 2313 991; x_wconf 88' lang='grc' dir='ltr'>έν</span> <span class='ocrx_word' id='word_1_31' title='bbox 2352 933 2429 1011; x_wconf 85' lang='grc' dir='ltr'>τῇ</span> <span class='ocrx_word' id='word_1_32' title='bbox 2472 927 2748 1010; x_wconf 79' lang='grc' dir='ltr'>ἡμετέρᾳ</span> 
     </span>
     <span class='ocr_line' id='line_1_5' title="bbox 269 1029 2748 1112; baseline 0 -18"><span class='ocrx_word' id='word_1_33' title='bbox 269 1029 537 1112; x_wconf 82' lang='grc' dir='ltr'>ἐξουσίᾳ</span> <span class='ocrx_word' id='word_1_34' title='bbox 566 1030 805 1093; x_wconf 86' lang='grc' dir='ltr'>κελεύω</span> <span class='ocrx_word' id='word_1_35' title='bbox 835 1035 1034 1094; x_wconf 84' lang='grc' dir='ltr'>πᾶσιν</span> <span class='ocrx_word' id='word_1_36' title='bbox 1064 1031 1164 1093; x_wconf 85' lang='grc' dir='ltr'>καὶ</span> <span class='ocrx_word' id='word_1_37' title='bbox 1195 1030 1554 1110; x_wconf 83' lang='grc' dir='ltr'>ἐκκαθαίρω</span> <span class='ocrx_word' id='word_1_38' title='bbox 1583 1034 1700 1109; x_wconf 86' lang='grc' dir='ltr'>τήν</span> <span class='ocrx_word' id='word_1_39' title='bbox 1720 1036 1846 1110; x_wconf 88' lang='grc' dir='ltr'>γῆν</span> <span class='ocrx_word' id='word_1_40' title='bbox 1870 1036 1991 1095; x_wconf 84' lang='grc' dir='ltr'>τοῦ</span> <span class='ocrx_word' id='word_1_41' title='bbox 2023 1032 2234 1096; x_wconf 84' lang='grc' dir='ltr'>τόπου</span> <span class='ocrx_word' id='word_1_42' title='bbox 2266 1033 2536 1107; x_wconf 81' lang='grc' dir='ltr'>ἐκείνου,</span> <span class='ocrx_word' id='word_1_43' title='bbox 2560 1032 2748 1109; x_wconf 77' lang='grc' dir='ltr'>ὅπως</span> 
     </span>
    </p>

    <p class='ocr_par' dir='ltr' id='par_1_3' title="bbox 201 1137 2749 1648">
     <span class='ocr_line' id='line_1_6' title="bbox 201 1137 2743 1219; baseline 0.001 -21"><span class='ocrx_word' id='word_1_44' title='bbox 201 1151 233 1195; x_wconf 68' lang='lat'><strong>5</strong></span> <span class='ocrx_word' id='word_1_45' title='bbox 268 1142 622 1219; x_wconf 82' lang='grc' dir='ltr'>φανερωθῇ</span> <span class='ocrx_word' id='word_1_46' title='bbox 652 1158 757 1215; x_wconf 89' lang='grc' dir='ltr'>μοι</span> <span class='ocrx_word' id='word_1_47' title='bbox 787 1137 825 1200; x_wconf 99' lang='lat'><em>6</em></span> <span class='ocrx_word' id='word_1_48' title='bbox 854 1140 1056 1216; x_wconf 88' lang='grc' dir='ltr'>τίμιος</span> <span class='ocrx_word' id='word_1_49' title='bbox 1078 1139 1370 1216; x_wconf 82' lang='grc' dir='ltr'>σταυρὸς</span> <span class='ocrx_word' id='word_1_50' title='bbox 1398 1141 1517 1202; x_wconf 63' lang='grc' dir='ltr'>τοῦ</span> <span class='ocrx_word' id='word_1_51' title='bbox 1548 1139 1859 1217; x_wconf 77' lang='grc' dir='ltr'>Χριστοῦ·</span> <span class='ocrx_word' id='word_1_52' title='bbox 1884 1140 1984 1202; x_wconf 86' lang='grc' dir='ltr'>καὶ</span> <span class='ocrx_word' id='word_1_53' title='bbox 2009 1137 2588 1219; x_wconf 76' lang='grc' dir='ltr'>οὓτωςπληρώσω</span> <span class='ocrx_word' id='word_1_54' title='bbox 2617 1158 2743 1218; x_wconf 89' lang='grc' dir='ltr'>μου</span> 
     </span>
     <span class='ocr_line' id='line_1_7' title="bbox 263 1244 2743 1331; baseline 0.002 -25"><span class='ocrx_word' id='word_1_55' title='bbox 263 1246 380 1321; x_wconf 88' lang='grc' dir='ltr'>τήν</span> <span class='ocrx_word' id='word_1_56' title='bbox 408 1245 761 1323; x_wconf 88' lang='grc' dir='ltr'>ἐπιθυμίαν.</span> <span class='ocrx_word' id='word_1_57' title='bbox 791 1245 829 1331; x_wconf 87' lang='lat'><em>6</em></span> <span class='ocrx_word' id='word_1_58' title='bbox 861 1249 933 1309; x_wconf 81' lang='grc' dir='ltr'>δὲ</span> <span class='ocrx_word' id='word_1_59' title='bbox 959 1247 1156 1322; x_wconf 89' lang='grc' dir='ltr'>λέγει·</span> <span class='ocrx_word' id='word_1_60' title='bbox 1190 1244 1347 1310; x_wconf 78' lang='grc' dir='ltr'>οὐδὲ</span> <span class='ocrx_word' id='word_1_61' title='bbox 1374 1247 1489 1310; x_wconf 87' lang='grc' dir='ltr'>τὸν</span> <span class='ocrx_word' id='word_1_62' title='bbox 1519 1247 1722 1311; x_wconf 84' lang='grc' dir='ltr'>τόπον</span> <span class='ocrx_word' id='word_1_63' title='bbox 1753 1247 1997 1311; x_wconf 87' lang='grc' dir='ltr'>ἐκεῖνον</span> <span class='ocrx_word' id='word_1_64' title='bbox 2026 1247 2392 1325; x_wconf 83' lang='grc' dir='ltr'>ἐπίσταμαι,</span> <span class='ocrx_word' id='word_1_65' title='bbox 2426 1247 2588 1311; x_wconf 76' lang='grc' dir='ltr'>οὐδὲ</span> <span class='ocrx_word' id='word_1_66' title='bbox 2617 1248 2743 1324; x_wconf 83' lang='grc' dir='ltr'>γὰρ</span> 
     </span>
     <span class='ocr_line' id='line_1_8' title="bbox 263 1351 2749 1433; baseline 0.001 -19"><span class='ocrx_word' id='word_1_67' title='bbox 263 1353 527 1429; x_wconf 82' lang='grc' dir='ltr'>περιιὼν</span> <span class='ocrx_word' id='word_1_68' title='bbox 553 1354 575 1390; x_wconf 87' lang='lat'><strong>¹</strong></span> <span class='ocrx_word' id='word_1_69' title='bbox 618 1353 802 1430; x_wconf 83' lang='grc' dir='ltr'>ήμην.</span> <span class='ocrx_word' id='word_1_70' title='bbox 842 1353 990 1417; x_wconf 92' lang='grc' dir='ltr'>τότε</span> <span class='ocrx_word' id='word_1_71' title='bbox 1038 1353 1205 1430; x_wconf 87' lang='grc' dir='ltr'>λέγει</span> <span class='ocrx_word' id='word_1_72' title='bbox 1249 1354 1286 1431; x_wconf 90' lang='grc' dir='ltr'>ἡ</span> <span class='ocrx_word' id='word_1_73' title='bbox 1337 1354 1714 1432; x_wconf 85' lang='grc' dir='ltr'>βασίλισσα·</span> <span class='ocrx_word' id='word_1_74' title='bbox 1745 1351 2197 1433; x_wconf 90' lang='grc' dir='ltr'>λιμοκτονήσω</span> <span class='ocrx_word' id='word_1_75' title='bbox 2230 1370 2336 1428; x_wconf 91' lang='grc' dir='ltr'>σε,</span> <span class='ocrx_word' id='word_1_76' title='bbox 2370 1353 2486 1418; x_wconf 80' lang='grc' dir='ltr'>ἐὰν</span> <span class='ocrx_word' id='word_1_77' title='bbox 2522 1356 2607 1433; x_wconf 89' lang='grc' dir='ltr'>μή</span> <span class='ocrx_word' id='word_1_78' title='bbox 2640 1373 2749 1433; x_wconf 88' lang='grc' dir='ltr'>μοι</span> 
     </span>
     <span class='ocr_line' id='line_1_9' title="bbox 265 1454 2748 1543; baseline 0.001 -20"><span class='ocrx_word' id='word_1_79' title='bbox 265 1458 711 1543; x_wconf 82' lang='grc' dir='ltr'>ὁμολογήσῃς.</span> <span class='ocrx_word' id='word_1_80' title='bbox 743 1461 843 1523; x_wconf 87' lang='grc' dir='ltr'>καὶ</span> <span class='ocrx_word' id='word_1_81' title='bbox 873 1464 1077 1524; x_wconf 85' lang='grc' dir='ltr'>ταῦτα</span> <span class='ocrx_word' id='word_1_82' title='bbox 1106 1461 1385 1525; x_wconf 85' lang='grc' dir='ltr'>εἰποῦσα</span> <span class='ocrx_word' id='word_1_83' title='bbox 1415 1454 1985 1525; x_wconf 86' lang='grc' dir='ltr'>έκέλευσεναύτὸν</span> <span class='ocrx_word' id='word_1_84' title='bbox 2014 1462 2084 1525; x_wconf 88' lang='grc' dir='ltr'>ἐν</span> <span class='ocrx_word' id='word_1_85' title='bbox 2114 1465 2349 1540; x_wconf 87' lang='grc' dir='ltr'>φρέατι</span> <span class='ocrx_word' id='word_1_86' title='bbox 2393 1467 2571 1543; x_wconf 83' lang='grc' dir='ltr'>ξηρῷ</span> <span class='ocrx_word' id='word_1_87' title='bbox 2604 1465 2748 1541; x_wconf 89' lang='grc' dir='ltr'>βλη-</span> 
     </span>
     <span class='ocr_line' id='line_1_10' title="bbox 264 1566 2744 1648; baseline 0.001 -18"><span class='ocrx_word' id='word_1_88' title='bbox 264 1570 452 1644; x_wconf 90' lang='grc' dir='ltr'>θῆναι</span> <span class='ocrx_word' id='word_1_89' title='bbox 475 1566 502 1604; x_wconf 75' lang='lat'>²</span> <span class='ocrx_word' id='word_1_90' title='bbox 551 1568 650 1629; x_wconf 85' lang='grc' dir='ltr'>καὶ</span> <span class='ocrx_word' id='word_1_91' title='bbox 677 1569 1079 1644; x_wconf 76' lang='grc' dir='ltr'>προσέταξεν</span> <span class='ocrx_word' id='word_1_92' title='bbox 1108 1568 1237 1645; x_wconf 79' lang='grc' dir='ltr'>ἕως</span> <span class='ocrx_word' id='word_1_93' title='bbox 1266 1567 1534 1646; x_wconf 84' lang='grc' dir='ltr'>ἡμερῶν</span> <span class='ocrx_word' id='word_1_94' title='bbox 1569 1570 1745 1632; x_wconf 83' lang='grc' dir='ltr'>επτὰ.</span> <span class='ocrx_word' id='word_1_95' title='bbox 1770 1568 2001 1634; x_wconf 84' lang='grc' dir='ltr'>ἄσιτον</span> <span class='ocrx_word' id='word_1_96' title='bbox 2041 1573 2271 1648; x_wconf 87' lang='grc' dir='ltr'>μἐῑναι.</span> <span class='ocrx_word' id='word_1_97' title='bbox 2310 1570 2470 1647; x_wconf 83' lang='grc' dir='ltr'>μετὰ</span> <span class='ocrx_word' id='word_1_98' title='bbox 2510 1572 2587 1634; x_wconf 81' lang='grc' dir='ltr'>δὲ</span> <span class='ocrx_word' id='word_1_99' title='bbox 2626 1571 2744 1648; x_wconf 85' lang='grc' dir='ltr'>τὰς</span> 
     </span>
    </p>

    <p class='ocr_par' dir='ltr' id='par_1_4' title="bbox 161 1672 2753 2183">
     <span class='ocr_line' id='line_1_11' title="bbox 161 1672 2753 1755; baseline 0.003 -23"><span class='ocrx_word' id='word_1_100' title='bbox 161 1683 228 1732; x_wconf 85' lang='grc' dir='ltr'>4ο</span> <span class='ocrx_word' id='word_1_101' title='bbox 265 1674 425 1736; x_wconf 84' lang='grc' dir='ltr'>ὲπτά</span> <span class='ocrx_word' id='word_1_102' title='bbox 469 1672 711 1752; x_wconf 83' lang='grc' dir='ltr'>ἡμέρας</span> <span class='ocrx_word' id='word_1_103' title='bbox 741 1674 898 1754; x_wconf 83' lang='grc' dir='ltr'>ἐβόα</span> <span class='ocrx_word' id='word_1_104' title='bbox 924 1677 1161 1752; x_wconf 90' lang='grc' dir='ltr'>λέγων·</span> <span class='ocrx_word' id='word_1_105' title='bbox 1206 1675 1557 1753; x_wconf 86' lang='grc' dir='ltr'>ἀναγάγετέ</span> <span class='ocrx_word' id='word_1_106' title='bbox 1588 1696 1663 1754; x_wconf 91' lang='grc' dir='ltr'>με</span> <span class='ocrx_word' id='word_1_107' title='bbox 1693 1676 1871 1752; x_wconf 82' lang='grc' dir='ltr'>κάγὼ</span> <span class='ocrx_word' id='word_1_108' title='bbox 1914 1675 2062 1753; x_wconf 81' lang='grc' dir='ltr'>ὑμῖν</span> <span class='ocrx_word' id='word_1_109' title='bbox 2092 1679 2280 1743; x_wconf 82' lang='grc' dir='ltr'>δείξω</span> <span class='ocrx_word' id='word_1_110' title='bbox 2308 1678 2426 1741; x_wconf 90' lang='grc' dir='ltr'>τὸν</span> <span class='ocrx_word' id='word_1_111' title='bbox 2455 1678 2753 1755; x_wconf 86' lang='grc' dir='ltr'>σταυρὸν</span> 
     </span>
     <span class='ocr_line' id='line_1_12' title="bbox 262 1780 2751 1882; baseline 0.001 -39"><span class='ocrx_word' id='word_1_112' title='bbox 262 1783 386 1843; x_wconf 87' lang='grc' dir='ltr'>τοῦ</span> <span class='ocrx_word' id='word_1_113' title='bbox 417 1780 716 1879; x_wconf 87' lang='grc' dir='ltr'>Χριστου.</span> <span class='ocrx_word' id='word_1_114' title='bbox 747 1781 857 1845; x_wconf 84' lang='grc' dir='ltr'>ὅτε</span> <span class='ocrx_word' id='word_1_115' title='bbox 887 1784 958 1846; x_wconf 78' lang='grc' dir='ltr'>δὲ</span> <span class='ocrx_word' id='word_1_116' title='bbox 992 1782 1268 1880; x_wconf 82' lang='grc' dir='ltr'>ἀνῆλθεν</span> <span class='ocrx_word' id='word_1_117' title='bbox 1310 1782 1555 1860; x_wconf 84' lang='grc' dir='ltr'>Ἰούδας</span> <span class='ocrx_word' id='word_1_118' title='bbox 1591 1782 1720 1845; x_wconf 90' lang='grc' dir='ltr'>ἀπὸ</span> <span class='ocrx_word' id='word_1_119' title='bbox 1767 1786 1886 1847; x_wconf 87' lang='grc' dir='ltr'>τοῦ</span> <span class='ocrx_word' id='word_1_120' title='bbox 1932 1783 2249 1861; x_wconf 87' lang='grc' dir='ltr'>φρέατος,</span> <span class='ocrx_word' id='word_1_121' title='bbox 2293 1784 2578 1882; x_wconf 86' lang='grc' dir='ltr'>ἀπῆλθεν</span> <span class='ocrx_word' id='word_1_122' title='bbox 2620 1783 2751 1862; x_wconf 78' lang='grc' dir='ltr'>ἕως</span> 
     </span>
     <span class='ocr_line' id='line_1_13' title="bbox 260 1872 2751 1972; baseline 0.002 -21"><span class='ocrx_word' id='word_1_123' title='bbox 260 1890 386 1951; x_wconf 88' lang='grc' dir='ltr'>τοῦ</span> <span class='ocrx_word' id='word_1_124' title='bbox 438 1887 646 1953; x_wconf 89' lang='grc' dir='ltr'>τόπου</span> <span class='ocrx_word' id='word_1_125' title='bbox 699 1889 966 1964; x_wconf 86' lang='grc' dir='ltr'>ἐκείνου,</span> <span class='ocrx_word' id='word_1_126' title='bbox 1020 1910 1121 1952; x_wconf 91' lang='grc' dir='ltr'>και</span> <span class='ocrx_word' id='word_1_127' title='bbox 1172 1891 1254 1967; x_wconf 86' lang='grc' dir='ltr'>μή</span> <span class='ocrx_word' id='word_1_128' title='bbox 1308 1890 1466 1954; x_wconf 84' lang='grc' dir='ltr'>ἰδὼν</span> <span class='ocrx_word' id='word_1_129' title='bbox 1503 1888 1751 1966; x_wconf 81' lang='grc' dir='ltr'>Ἰούδας</span> <span class='ocrx_word' id='word_1_130' title='bbox 1792 1892 1909 1968; x_wconf 85' lang='grc' dir='ltr'>τὴν</span> <span class='ocrx_word' id='word_1_131' title='bbox 1952 1890 2294 1969; x_wconf 86' lang='grc' dir='ltr'>ἀκρίβειαν,</span> <span class='ocrx_word' id='word_1_132' title='bbox 2346 1872 2585 1972; x_wconf 78' lang='grc' dir='ltr'>ἐπῇρεν</span> <span class='ocrx_word' id='word_1_133' title='bbox 2630 1892 2751 1967; x_wconf 88' lang='grc' dir='ltr'>τὴν</span> 
     </span>
     <span class='ocr_line' id='line_1_14' title="bbox 263 1991 2749 2079; baseline 0.001 -21"><span class='ocrx_word' id='word_1_134' title='bbox 263 1997 502 2074; x_wconf 87' lang='grc' dir='ltr'>φωνήν</span> <span class='ocrx_word' id='word_1_135' title='bbox 552 1995 757 2059; x_wconf 88' lang='grc' dir='ltr'>αυτοῦ</span> <span class='ocrx_word' id='word_1_136' title='bbox 801 2002 878 2079; x_wconf 81' lang='grc' dir='ltr'>τῇ</span> <span class='ocrx_word' id='word_1_137' title='bbox 910 1997 1153 2075; x_wconf 87' lang='grc' dir='ltr'>έβραῖδι</span> <span class='ocrx_word' id='word_1_138' title='bbox 1185 1998 1491 2079; x_wconf 80' lang='grc' dir='ltr'>διαλέκτῳ</span> <span class='ocrx_word' id='word_1_139' title='bbox 1524 1999 1622 2060; x_wconf 89' lang='grc' dir='ltr'>καί</span> <span class='ocrx_word' id='word_1_140' title='bbox 1668 1991 1842 2061; x_wconf 82' lang='grc' dir='ltr'>εἶπεν</span> <span class='ocrx_word' id='word_1_141' title='bbox 1885 1996 2179 2075; x_wconf 57' lang='grc' dir='ltr'>ουτωςθ·</span> <span class='ocrx_word' id='word_1_142' title='bbox 2211 2002 2446 2077; x_wconf 83' lang='grc' dir='ltr'>μιακρᾶ</span> <span class='ocrx_word' id='word_1_143' title='bbox 2487 1997 2749 2077; x_wconf 86' lang='grc' dir='ltr'>ἀκριμη-</span> 
     </span>
     <span class='ocr_line' id='line_1_15' title="bbox 265 2101 2747 2183; baseline 0.001 -18"><span class='ocrx_word' id='word_1_144' title='bbox 265 2105 468 2180; x_wconf 89' lang='grc' dir='ltr'>κήλας</span> <span class='ocrx_word' id='word_1_145' title='bbox 524 2104 938 2179; x_wconf 81' lang='grc' dir='ltr'>φιλονέδωνα</span> <span class='ocrx_word' id='word_1_146' title='bbox 965 2101 969 2104; x_wconf 56' lang='grc'><em>”</em></span> <span class='ocrx_word' id='word_1_147' title='bbox 993 2104 1178 2182; x_wconf 88' lang='grc' dir='ltr'>κηρίμ</span> <span class='ocrx_word' id='word_1_148' title='bbox 1240 2104 1432 2182; x_wconf 77' lang='grc' dir='ltr'>ίλωὲμ</span> <span class='ocrx_word' id='word_1_149' title='bbox 1488 2107 1785 2182; x_wconf 87' lang='grc' dir='ltr'>λαμεκδῶ</span> <span class='ocrx_word' id='word_1_150' title='bbox 1843 2103 2076 2181; x_wconf 82' lang='grc' dir='ltr'>ἀζαζήλ</span> <span class='ocrx_word' id='word_1_151' title='bbox 2144 2108 2357 2182; x_wconf 82' lang='grc' dir='ltr'>κοφθὲ</span> <span class='ocrx_word' id='word_1_152' title='bbox 2422 2104 2747 2183; x_wconf 86' lang='grc' dir='ltr'>έφαυδιοῦ</span> 
     </span>
    </p>

    <p class='ocr_par' dir='ltr' id='par_1_5' title="bbox 138 2209 2762 4118">
     <span class='ocr_line' id='line_1_16' title="bbox 157 2209 2751 2291; baseline 0.003 -24"><span class='ocrx_word' id='word_1_153' title='bbox 157 2220 226 2267; x_wconf 72' lang='grc'>45</span> <span class='ocrx_word' id='word_1_154' title='bbox 268 2211 652 2290; x_wconf 85' lang='grc' dir='ltr'>βαρουκαθὰ</span> <span class='ocrx_word' id='word_1_155' title='bbox 700 2209 960 2287; x_wconf 80' lang='grc' dir='ltr'>ἀδωναὲ</span> <span class='ocrx_word' id='word_1_156' title='bbox 1010 2211 1159 2275; x_wconf 86' lang='grc' dir='ltr'>έλωὶ</span> <span class='ocrx_word' id='word_1_157' title='bbox 1211 2211 1543 2289; x_wconf 85' lang='grc' dir='ltr'>ἐλεγμαρῶ</span> <span class='ocrx_word' id='word_1_158' title='bbox 1600 2210 1879 2288; x_wconf 80' lang='grc' dir='ltr'>ἀκραξιῶ</span> <span class='ocrx_word' id='word_1_159' title='bbox 1939 2211 2445 2291; x_wconf 84' lang='grc' dir='ltr'>ἀθηδαμβαροὺχ</span> <span class='ocrx_word' id='word_1_160' title='bbox 2500 2215 2751 2289; x_wconf 86' lang='grc' dir='ltr'>θαμοῦλ</span> 
     </span>
     <span class='ocr_line' id='line_1_17' title="bbox 262 2318 2751 2398; baseline 0 -17"><span class='ocrx_word' id='word_1_161' title='bbox 262 2318 587 2397; x_wconf 86' lang='grc' dir='ltr'>μελβοκὰθ</span> <span class='ocrx_word' id='word_1_162' title='bbox 637 2322 1023 2397; x_wconf 86' lang='grc' dir='ltr'>μαμηρομβᾶ</span> <span class='ocrx_word' id='word_1_163' title='bbox 1073 2318 1521 2397; x_wconf 84' lang='grc' dir='ltr'>ἰλεμονιστρᾶν</span> <span class='ocrx_word' id='word_1_164' title='bbox 1580 2322 1953 2397; x_wconf 84' lang='grc' dir='ltr'>βαζημαμοῦ</span> <span class='ocrx_word' id='word_1_165' title='bbox 2012 2320 2299 2398; x_wconf 81' lang='grc' dir='ltr'>καθαδὰχ</span> <span class='ocrx_word' id='word_1_166' title='bbox 2355 2321 2751 2398; x_wconf 87' lang='grc' dir='ltr'>δοκιστραὴλ</span> 
     </span>
     <span class='ocr_line' id='line_1_18' title="bbox 261 2424 2747 2505; baseline 0.001 -18"><span class='ocrx_word' id='word_1_167' title='bbox 261 2426 552 2503; x_wconf 87' lang='grc' dir='ltr'>λαμαμή·</span> <span class='ocrx_word' id='word_1_168' title='bbox 582 2424 620 2488; x_wconf 91' lang='grc' dir='ltr'>ὅ</span> <span class='ocrx_word' id='word_1_169' title='bbox 653 2425 791 2488; x_wconf 81' lang='grc' dir='ltr'>ἐστι</span> <span class='ocrx_word' id='word_1_170' title='bbox 835 2426 1470 2504; x_wconf 87' lang='grc' dir='ltr'>μεθερμηνευόμενον</span> <span class='ocrx_word' id='word_1_171' title='bbox 1501 2425 1743 2503; x_wconf 75' lang='grc' dir='ltr'>οὕτως·</span> <span class='ocrx_word' id='word_1_172' title='bbox 1775 2426 1813 2489; x_wconf 99' lang='lat'><em>6</em></span> <span class='ocrx_word' id='word_1_173' title='bbox 1846 2427 1996 2503; x_wconf 90' lang='grc' dir='ltr'>θεὸς</span> <span class='ocrx_word' id='word_1_174' title='bbox 2024 2426 2062 2489; x_wconf 99' lang='lat'><em>6</em></span> <span class='ocrx_word' id='word_1_175' title='bbox 2092 2428 2376 2504; x_wconf 86' lang='grc' dir='ltr'>ποιήσας</span> <span class='ocrx_word' id='word_1_176' title='bbox 2401 2427 2523 2490; x_wconf 87' lang='grc' dir='ltr'>τὸν</span> <span class='ocrx_word' id='word_1_177' title='bbox 2549 2426 2747 2505; x_wconf 84' lang='grc' dir='ltr'>οὐρα-</span> 
     </span>
     <span class='ocr_line' id='line_1_19' title="bbox 265 2530 2750 2614; baseline 0.002 -20"><span class='ocrx_word' id='word_1_178' title='bbox 265 2532 390 2595; x_wconf 91' lang='grc' dir='ltr'>νὸν</span> <span class='ocrx_word' id='word_1_179' title='bbox 421 2531 523 2595; x_wconf 89' lang='grc' dir='ltr'>καὶ</span> <span class='ocrx_word' id='word_1_180' title='bbox 550 2532 668 2608; x_wconf 83' lang='grc' dir='ltr'>τὴν</span> <span class='ocrx_word' id='word_1_181' title='bbox 695 2534 819 2608; x_wconf 91' lang='grc' dir='ltr'>γῆν</span> <span class='ocrx_word' id='word_1_182' title='bbox 849 2530 888 2595; x_wconf 91' lang='lat'><em>6</em></span> <span class='ocrx_word' id='word_1_183' title='bbox 919 2536 1205 2614; x_wconf 83' lang='grc' dir='ltr'>σπιθαμῇ</span> <span class='ocrx_word' id='word_1_184' title='bbox 1238 2533 1564 2610; x_wconf 88' lang='grc' dir='ltr'>μετρήσας</span> <span class='ocrx_word' id='word_1_185' title='bbox 1607 2534 1724 2595; x_wconf 89' lang='grc' dir='ltr'>τὸν</span> <span class='ocrx_word' id='word_1_186' title='bbox 1768 2530 2055 2609; x_wconf 82' lang='grc' dir='ltr'>οὐρανὸν</span> <span class='ocrx_word' id='word_1_187' title='bbox 2100 2533 2201 2594; x_wconf 88' lang='grc' dir='ltr'>καὶ</span> <span class='ocrx_word' id='word_1_188' title='bbox 2239 2534 2362 2609; x_wconf 88' lang='grc' dir='ltr'>τὴν</span> <span class='ocrx_word' id='word_1_189' title='bbox 2399 2538 2523 2612; x_wconf 90' lang='grc' dir='ltr'>γῆν</span> <span class='ocrx_word' id='word_1_190' title='bbox 2566 2534 2750 2612; x_wconf 84' lang='grc' dir='ltr'>δρακὶ</span> 
     </span>
     <span class='ocr_line' id='line_1_20' title="bbox 264 2638 2752 2719; baseline 0.002 -18"><span class='ocrx_word' id='word_1_191' title='bbox 264 2639 609 2717; x_wconf 86' lang='grc' dir='ltr'>&lt;κατέχων</span> <span class='ocrx_word' id='word_1_192' title='bbox 629 2638 731 2713; x_wconf 74' lang='grc'>4&gt;,</span> <span class='ocrx_word' id='word_1_193' title='bbox 777 2638 815 2701; x_wconf 98' lang='lat'><em>6</em></span> <span class='ocrx_word' id='word_1_194' title='bbox 847 2640 1208 2717; x_wconf 78' lang='grc' dir='ltr'>καθήμενος</span> <span class='ocrx_word' id='word_1_195' title='bbox 1238 2639 1337 2708; x_wconf 84' lang='grc' dir='ltr'>ἐπὶ</span> <span class='ocrx_word' id='word_1_196' title='bbox 1364 2642 1486 2703; x_wconf 85' lang='grc' dir='ltr'>τοῦ</span> <span class='ocrx_word' id='word_1_197' title='bbox 1517 2638 1803 2718; x_wconf 88' lang='grc' dir='ltr'>ἅρματος</span> <span class='ocrx_word' id='word_1_198' title='bbox 1845 2640 2152 2719; x_wconf 84' lang='grc' dir='ltr'>χερουβὶμ</span> <span class='ocrx_word' id='word_1_199' title='bbox 2198 2641 2301 2703; x_wconf 80' lang='grc' dir='ltr'>καὶ</span> <span class='ocrx_word' id='word_1_200' title='bbox 2343 2642 2549 2714; x_wconf 74' lang='grc' dir='ltr'>ταῦτά</span> <span class='ocrx_word' id='word_1_201' title='bbox 2589 2642 2752 2706; x_wconf 73' lang='grc' dir='ltr'>εἰσιν</span> 
     </span>
     <span class='ocr_line' id='line_1_21' title="bbox 153 2747 2754 2835; baseline 0.003 -31"><span class='ocrx_word' id='word_1_202' title='bbox 153 2755 222 2804; x_wconf 76' lang='lat'>20</span> <span class='ocrx_word' id='word_1_203' title='bbox 264 2748 594 2826; x_wconf 83' lang='grc' dir='ltr'>νηχόμενα</span> <span class='ocrx_word' id='word_1_204' title='bbox 621 2747 902 2826; x_wconf 87' lang='grc' dir='ltr'>άερικοῖς</span> <span class='ocrx_word' id='word_1_205' title='bbox 932 2749 1202 2827; x_wconf 91' lang='grc' dir='ltr'>δρόμοις</span> <span class='ocrx_word' id='word_1_206' title='bbox 1232 2749 1301 2812; x_wconf 88' lang='grc' dir='ltr'>ἐν</span> <span class='ocrx_word' id='word_1_207' title='bbox 1332 2750 1510 2835; x_wconf 45' lang='grc' dir='ltr'>φωτὶ,</span> <span class='ocrx_word' id='word_1_208' title='bbox 1535 2749 1889 2832; x_wconf 89' lang='grc' dir='ltr'>ἀμετρήτῳ,</span> <span class='ocrx_word' id='word_1_209' title='bbox 1918 2747 2089 2812; x_wconf 85' lang='grc' dir='ltr'>ὅπου</span> <span class='ocrx_word' id='word_1_210' title='bbox 2136 2748 2511 2828; x_wconf 77' lang='grc' dir='ltr'>ἀνθρωπίνη</span> <span class='ocrx_word' id='word_1_211' title='bbox 2541 2749 2754 2828; x_wconf 84' lang='grc' dir='ltr'>φύσις</span> 
     </span>
     <span class='ocr_line' id='line_1_22' title="bbox 261 2844 2754 2936; baseline 0.001 -18"><span class='ocrx_word' id='word_1_212' title='bbox 261 2844 612 2932; x_wconf 84' lang='grc' dir='ltr'>παρελθεῖν</span> <span class='ocrx_word' id='word_1_213' title='bbox 638 2855 718 2919; x_wconf 86' lang='grc' dir='ltr'>ού</span> <span class='ocrx_word' id='word_1_214' title='bbox 750 2855 1041 2920; x_wconf 90' lang='grc' dir='ltr'>δύναται·</span> <span class='ocrx_word' id='word_1_215' title='bbox 1071 2855 1168 2918; x_wconf 85' lang='grc' dir='ltr'>ὅτι</span> <span class='ocrx_word' id='word_1_216' title='bbox 1199 2858 1286 2920; x_wconf 88' lang='grc' dir='ltr'>σὺ</span> <span class='ocrx_word' id='word_1_217' title='bbox 1318 2855 1632 2934; x_wconf 83' lang='grc' dir='ltr'>ἐποίησας</span> <span class='ocrx_word' id='word_1_218' title='bbox 1663 2855 1853 2930; x_wconf 84' lang='grc' dir='ltr'>αὐτά,</span> <span class='ocrx_word' id='word_1_219' title='bbox 1883 2855 2102 2925; x_wconf 80' lang='grc' dir='ltr'>&lt;εἴσιν</span> <span class='ocrx_word' id='word_1_220' title='bbox 2121 2857 2208 2925; x_wconf 77' lang='lat'>⁶&gt;</span> <span class='ocrx_word' id='word_1_221' title='bbox 2234 2857 2327 2934; x_wconf 80' lang='grc' dir='ltr'>εἰς</span> <span class='ocrx_word' id='word_1_222' title='bbox 2354 2859 2486 2934; x_wconf 84' lang='grc' dir='ltr'>σὴν</span> <span class='ocrx_word' id='word_1_223' title='bbox 2516 2857 2754 2936; x_wconf 82' lang='grc' dir='ltr'>ὑπηρε-</span> 
     </span>
     <span class='ocr_line' id='line_1_23' title="bbox 265 2950 2754 3044; baseline 0.002 -19"><span class='ocrx_word' id='word_1_224' title='bbox 265 2963 422 3026; x_wconf 91' lang='grc' dir='ltr'>σίαν</span> <span class='ocrx_word' id='word_1_225' title='bbox 465 2963 534 3026; x_wconf 81' lang='grc' dir='ltr'>ἓξ</span> <span class='ocrx_word' id='word_1_226' title='bbox 575 2967 713 3044; x_wconf 83' lang='grc' dir='ltr'>ζῷα</span> <span class='ocrx_word' id='word_1_227' title='bbox 753 2963 1153 3040; x_wconf 84' lang='grc' dir='ltr'>ἑξαπτέρυγα</span> <span class='ocrx_word' id='word_1_228' title='bbox 1193 2962 1375 3026; x_wconf 83' lang='grc' dir='ltr'>ἅτινα</span> <span class='ocrx_word' id='word_1_229' title='bbox 1415 2966 1530 3042; x_wconf 85' lang='grc' dir='ltr'>μὲν</span> <span class='ocrx_word' id='word_1_230' title='bbox 1570 2964 1650 3025; x_wconf 83' lang='grc' dir='ltr'>τὰ</span> <span class='ocrx_word' id='word_1_231' title='bbox 1690 2950 1984 3041; x_wconf 83' lang='grc' dir='ltr'>τέσσαρα</span> <span class='ocrx_word' id='word_1_232' title='bbox 2026 2964 2540 3042; x_wconf 81' lang='grc' dir='ltr'>διαβαστάζοντα</span> <span class='ocrx_word' id='word_1_233' title='bbox 2583 2963 2754 3034; x_wconf 86' lang='grc' dir='ltr'>&lt;τὸν</span> 
     </span>
     <span class='ocr_line' id='line_1_24' title="bbox 263 3066 2754 3157; baseline 0.001 -24"><span class='ocrx_word' id='word_1_234' title='bbox 263 3069 521 3147; x_wconf 88' lang='grc' dir='ltr'>θρόνον</span> <span class='ocrx_word' id='word_1_235' title='bbox 547 3084 679 3134; x_wconf 91' lang='grc' dir='ltr'>σου</span> <span class='ocrx_word' id='word_1_236' title='bbox 699 3070 790 3139; x_wconf 74' lang='lat'>⁶&gt;</span> <span class='ocrx_word' id='word_1_237' title='bbox 826 3072 929 3133; x_wconf 81' lang='grc' dir='ltr'>καὶ</span> <span class='ocrx_word' id='word_1_238' title='bbox 968 3071 1291 3148; x_wconf 91' lang='grc' dir='ltr'>νηχόμενα</span> <span class='ocrx_word' id='word_1_239' title='bbox 1334 3071 1434 3133; x_wconf 87' lang='grc' dir='ltr'>καὶ</span> <span class='ocrx_word' id='word_1_240' title='bbox 1477 3070 1980 3148; x_wconf 87' lang='grc' dir='ltr'>λειτουργοῦντά</span> <span class='ocrx_word' id='word_1_241' title='bbox 2015 3085 2230 3141; x_wconf 90' lang='grc' dir='ltr'>&lt;σοι&gt;</span> <span class='ocrx_word' id='word_1_242' title='bbox 2272 3066 2754 3157; x_wconf 77' lang='grc' dir='ltr'>ἀκαταπαύστῳ</span> 
     </span>
     <span class='ocr_line' id='line_1_25' title="bbox 263 3162 2756 3264; baseline 0 -24"><span class='ocrx_word' id='word_1_243' title='bbox 263 3183 468 3259; x_wconf 82' lang='grc' dir='ltr'>φωνῇ</span> <span class='ocrx_word' id='word_1_244' title='bbox 509 3178 807 3254; x_wconf 83' lang='grc' dir='ltr'>λέγοντα·</span> <span class='ocrx_word' id='word_1_245' title='bbox 839 3177 1048 3254; x_wconf 87' lang='grc' dir='ltr'>ἅγιος,</span> <span class='ocrx_word' id='word_1_246' title='bbox 1081 3176 1292 3255; x_wconf 85' lang='grc' dir='ltr'>ἅγιος,</span> <span class='ocrx_word' id='word_1_247' title='bbox 1323 3176 1534 3256; x_wconf 85' lang='grc' dir='ltr'>ἅγιος,</span> <span class='ocrx_word' id='word_1_248' title='bbox 1563 3179 1868 3257; x_wconf 87' lang='grc' dir='ltr'>χερουβίμ</span> <span class='ocrx_word' id='word_1_249' title='bbox 1906 3180 2281 3264; x_wconf 72' lang='grc' dir='ltr'>λαβοῡνται·</span> <span class='ocrx_word' id='word_1_250' title='bbox 2322 3180 2405 3242; x_wconf 78' lang='grc' dir='ltr'>τὰ</span> <span class='ocrx_word' id='word_1_251' title='bbox 2427 3162 2607 3247; x_wconf 84' lang='grc' dir='ltr'>&lt;δὲ&gt;</span> <span class='ocrx_word' id='word_1_252' title='bbox 2631 3179 2756 3242; x_wconf 88' lang='grc' dir='ltr'>δύο</span> 
     </span>
     <span class='ocr_line' id='line_1_26' title="bbox 144 3266 2757 3368; baseline 0 -20"><span class='ocrx_word' id='word_1_253' title='bbox 144 3290 220 3340; x_wconf 75' lang='lat'>25</span> <span class='ocrx_word' id='word_1_254' title='bbox 263 3285 312 3348; x_wconf 83' lang='grc' dir='ltr'>ἃ</span> <span class='ocrx_word' id='word_1_255' title='bbox 343 3286 503 3349; x_wconf 78' lang='grc' dir='ltr'>ἔθου</span> <span class='ocrx_word' id='word_1_256' title='bbox 535 3282 607 3349; x_wconf 81' lang='grc' dir='ltr'>ἐν</span> <span class='ocrx_word' id='word_1_257' title='bbox 654 3289 747 3367; x_wconf 84' lang='grc' dir='ltr'>τῷ</span> <span class='ocrx_word' id='word_1_258' title='bbox 791 3285 1171 3368; x_wconf 90' lang='grc' dir='ltr'>παραδείσῳ</span> <span class='ocrx_word' id='word_1_259' title='bbox 1217 3285 1563 3362; x_wconf 85' lang='grc' dir='ltr'>φυλάττειν</span> <span class='ocrx_word' id='word_1_260' title='bbox 1603 3266 1680 3348; x_wconf 85' lang='grc' dir='ltr'>τὸ</span> <span class='ocrx_word' id='word_1_261' title='bbox 1713 3286 1911 3349; x_wconf 85' lang='grc' dir='ltr'>ξύλον</span> <span class='ocrx_word' id='word_1_262' title='bbox 1937 3290 2054 3364; x_wconf 86' lang='grc' dir='ltr'>τῆς</span> <span class='ocrx_word' id='word_1_263' title='bbox 2083 3290 2285 3363; x_wconf 85' lang='grc' dir='ltr'>ζωῆς,</span> <span class='ocrx_word' id='word_1_264' title='bbox 2314 3286 2400 3365; x_wconf 72' lang='grc' dir='ltr'>ἷᾶ]</span> <span class='ocrx_word' id='word_1_265' title='bbox 2430 3287 2757 3365; x_wconf 85' lang='grc' dir='ltr'>σεραφεὶμ</span> 
     </span>
     <span class='ocr_line' id='line_1_27' title="bbox 261 3391 2759 3471; baseline 0 -16"><span class='ocrx_word' id='word_1_266' title='bbox 261 3396 652 3456; x_wconf 86' lang='grc' dir='ltr'>καλοῦνται·</span> <span class='ocrx_word' id='word_1_267' title='bbox 683 3395 771 3456; x_wconf 88' lang='grc' dir='ltr'>σὺ</span> <span class='ocrx_word' id='word_1_268' title='bbox 802 3395 926 3469; x_wconf 85' lang='grc' dir='ltr'>γάρ</span> <span class='ocrx_word' id='word_1_269' title='bbox 957 3393 1296 3471; x_wconf 84' lang='grc' dir='ltr'>δεσπόζεις</span> <span class='ocrx_word' id='word_1_270' title='bbox 1336 3392 1615 3465; x_wconf 89' lang='grc' dir='ltr'>πάντων,</span> <span class='ocrx_word' id='word_1_271' title='bbox 1648 3393 1776 3456; x_wconf 89' lang='grc' dir='ltr'>σὸν</span> <span class='ocrx_word' id='word_1_272' title='bbox 1812 3392 1936 3469; x_wconf 84' lang='grc' dir='ltr'>γὰρ</span> <span class='ocrx_word' id='word_1_273' title='bbox 1965 3391 2210 3470; x_wconf 90' lang='grc' dir='ltr'>ποίημα</span> <span class='ocrx_word' id='word_1_274' title='bbox 2251 3393 2466 3470; x_wconf 83' lang='grc' dir='ltr'>ἐσμέν,</span> <span class='ocrx_word' id='word_1_275' title='bbox 2509 3392 2549 3455; x_wconf 91' lang='lat'><em>6</em></span> <span class='ocrx_word' id='word_1_276' title='bbox 2597 3395 2759 3469; x_wconf 81' lang='grc' dir='ltr'>τοὺς</span> 
     </span>
     <span class='ocr_line' id='line_1_28' title="bbox 257 3497 2758 3582; baseline 0 -19"><span class='ocrx_word' id='word_1_277' title='bbox 257 3500 757 3577; x_wconf 82' lang='grc' dir='ltr'>ἀπειθήσαντας</span> <span class='ocrx_word' id='word_1_278' title='bbox 787 3498 1109 3576; x_wconf 85' lang='grc' dir='ltr'>ἀγγέλους</span> <span class='ocrx_word' id='word_1_279' title='bbox 1138 3503 1320 3582; x_wconf 82' lang='grc' dir='ltr'>βυθῷ</span> <span class='ocrx_word' id='word_1_280' title='bbox 1362 3498 1687 3578; x_wconf 89' lang='grc' dir='ltr'>ταρτάρου</span> <span class='ocrx_word' id='word_1_281' title='bbox 1714 3498 1739 3535; x_wconf 84' lang='lat'>‘¹</span> <span class='ocrx_word' id='word_1_282' title='bbox 1768 3497 2175 3581; x_wconf 83' lang='grc' dir='ltr'>παραδώσας</span> <span class='ocrx_word' id='word_1_283' title='bbox 2195 3499 2224 3537; x_wconf 82' lang='lat'><strong>⁸</strong></span> <span class='ocrx_word' id='word_1_284' title='bbox 2251 3500 2354 3562; x_wconf 87' lang='grc' dir='ltr'>καὶ</span> <span class='ocrx_word' id='word_1_285' title='bbox 2381 3498 2568 3563; x_wconf 81' lang='grc' dir='ltr'>αὐτοί</span> <span class='ocrx_word' id='word_1_286' title='bbox 2594 3500 2758 3564; x_wconf 87' lang='grc' dir='ltr'>εἰσιν</span> 
     </span>
     <span class='ocr_line' id='line_1_29' title="bbox 257 3605 2756 3690; baseline 0 -20"><span class='ocrx_word' id='word_1_287' title='bbox 257 3607 404 3670; x_wconf 80' lang='grc' dir='ltr'>ὑπὸ</span> <span class='ocrx_word' id='word_1_288' title='bbox 455 3606 539 3671; x_wconf 83' lang='grc' dir='ltr'>τὰ</span> <span class='ocrx_word' id='word_1_289' title='bbox 577 3606 1004 3685; x_wconf 85' lang='grc' dir='ltr'>ένθυρώματα</span> <span class='ocrx_word' id='word_1_290' title='bbox 1029 3610 1146 3684; x_wconf 87' lang='grc' dir='ltr'>τῆς</span> <span class='ocrx_word' id='word_1_291' title='bbox 1176 3605 1483 3685; x_wconf 88' lang='grc' dir='ltr'>ἀβύσσου</span> <span class='ocrx_word' id='word_1_292' title='bbox 1517 3605 1645 3670; x_wconf 80' lang='grc' dir='ltr'>ὑπὸ</span> <span class='ocrx_word' id='word_1_293' title='bbox 1677 3607 2054 3689; x_wconf 82' lang='grc' dir='ltr'>δρακόντων</span> <span class='ocrx_word' id='word_1_294' title='bbox 2082 3606 2500 3688; x_wconf 85' lang='grc' dir='ltr'>χαλαζόμενοι</span> <span class='ocrx_word' id='word_1_295' title='bbox 2528 3609 2632 3671; x_wconf 86' lang='grc' dir='ltr'>καὶ</span> <span class='ocrx_word' id='word_1_296' title='bbox 2659 3611 2756 3690; x_wconf 85' lang='grc' dir='ltr'>τῷ</span> 
     </span>
     <span class='ocr_line' id='line_1_30' title="bbox 257 3712 2762 3795; baseline -0 -16"><span class='ocrx_word' id='word_1_297' title='bbox 257 3719 378 3795; x_wconf 83' lang='grc' dir='ltr'>σῷ</span> <span class='ocrx_word' id='word_1_298' title='bbox 423 3713 876 3791; x_wconf 86' lang='grc' dir='ltr'>προστάγματι</span> <span class='ocrx_word' id='word_1_299' title='bbox 925 3713 1274 3777; x_wconf 72' lang='grc' dir='ltr'>ἀντειπεῖνο</span> <span class='ocrx_word' id='word_1_300' title='bbox 1316 3712 1395 3777; x_wconf 87' lang='grc' dir='ltr'>οὐ</span> <span class='ocrx_word' id='word_1_301' title='bbox 1439 3713 1768 3778; x_wconf 89' lang='grc' dir='ltr'>δύνανται.</span> <span class='ocrx_word' id='word_1_302' title='bbox 1812 3714 1912 3775; x_wconf 81' lang='grc' dir='ltr'>καὶ</span> <span class='ocrx_word' id='word_1_303' title='bbox 1960 3714 2040 3776; x_wconf 86' lang='grc' dir='ltr'>τὰ</span> <span class='ocrx_word' id='word_1_304' title='bbox 2080 3716 2222 3787; x_wconf 86' lang='grc' dir='ltr'>νῦν,</span> <span class='ocrx_word' id='word_1_305' title='bbox 2269 3714 2467 3792; x_wconf 82' lang='grc' dir='ltr'>κύριε,</span> <span class='ocrx_word' id='word_1_306' title='bbox 2495 3714 2588 3792; x_wconf 80' lang='grc' dir='ltr'>εἰς</span> <span class='ocrx_word' id='word_1_307' title='bbox 2631 3715 2762 3778; x_wconf 87' lang='grc' dir='ltr'>σὸν</span> 
     </span>
     <span class='ocr_line' id='line_1_31' title="bbox 138 3803 2760 3900; baseline -0 -15"><span class='ocrx_word' id='word_1_308' title='bbox 138 3826 212 3876; x_wconf 75' lang='grc'>30</span> <span class='ocrx_word' id='word_1_309' title='bbox 256 3820 523 3898; x_wconf 83' lang='grc' dir='ltr'>θέλημά</span> <span class='ocrx_word' id='word_1_310' title='bbox 552 3821 730 3885; x_wconf 85' lang='grc' dir='ltr'>ἐστιν</span> <span class='ocrx_word' id='word_1_311' title='bbox 757 3822 1117 3900; x_wconf 89' lang='grc' dir='ltr'>βασιλεύειν</span> <span class='ocrx_word' id='word_1_312' title='bbox 1144 3821 1261 3884; x_wconf 91' lang='grc' dir='ltr'>τὸν</span> <span class='ocrx_word' id='word_1_313' title='bbox 1291 3820 1437 3885; x_wconf 90' lang='grc' dir='ltr'>υἱὸν</span> <span class='ocrx_word' id='word_1_314' title='bbox 1466 3803 1719 3899; x_wconf 83' lang='grc' dir='ltr'>Μαρίας</span> <span class='ocrx_word' id='word_1_315' title='bbox 1747 3822 1865 3885; x_wconf 90' lang='grc' dir='ltr'>τὸν</span> <span class='ocrx_word' id='word_1_316' title='bbox 1895 3820 2342 3898; x_wconf 80' lang='grc' dir='ltr'>ἐκπεμφθέντα</span> <span class='ocrx_word' id='word_1_317' title='bbox 2368 3821 2500 3884; x_wconf 77' lang='grc' dir='ltr'>ὑπὸ</span> <span class='ocrx_word' id='word_1_318' title='bbox 2523 3824 2685 3885; x_wconf 87' lang='grc' dir='ltr'>σοῦ·</span> <span class='ocrx_word' id='word_1_319' title='bbox 2706 3821 2760 3886; x_wconf 87' lang='grc' dir='ltr'>εί</span> 
     </span>
     <span class='ocr_line' id='line_1_32' title="bbox 252 3909 2761 4009; baseline 0 -17"><span class='ocrx_word' id='word_1_320' title='bbox 252 3931 361 4009; x_wconf 81' lang='grc' dir='ltr'>μή</span> <span class='ocrx_word' id='word_1_321' title='bbox 386 3929 517 4006; x_wconf 85' lang='grc' dir='ltr'>γὰρ</span> <span class='ocrx_word' id='word_1_322' title='bbox 547 3927 628 4006; x_wconf 82' lang='grc' dir='ltr'>ἦν</span> <span class='ocrx_word' id='word_1_323' title='bbox 651 3928 723 3992; x_wconf 81' lang='grc' dir='ltr'>ἑκ</span> <span class='ocrx_word' id='word_1_324' title='bbox 744 3930 893 4002; x_wconf 87' lang='grc' dir='ltr'>σοῦ,</span> <span class='ocrx_word' id='word_1_325' title='bbox 918 3926 1043 3992; x_wconf 87' lang='grc' dir='ltr'>ούκ</span> <span class='ocrx_word' id='word_1_326' title='bbox 1064 3927 1145 3991; x_wconf 83' lang='grc' dir='ltr'>ἂν</span> <span class='ocrx_word' id='word_1_327' title='bbox 1170 3909 1499 4006; x_wconf 86' lang='grc' dir='ltr'>τοσαύτας</span> <span class='ocrx_word' id='word_1_328' title='bbox 1530 3927 1832 4006; x_wconf 87' lang='grc' dir='ltr'>δυνάμεις</span> <span class='ocrx_word' id='word_1_329' title='bbox 1857 3927 2184 4006; x_wconf 84' lang='grc' dir='ltr'>ἐποιήσεν,</span> <span class='ocrx_word' id='word_1_330' title='bbox 2212 3929 2316 3990; x_wconf 85' lang='grc' dir='ltr'>καὶ</span> <span class='ocrx_word' id='word_1_331' title='bbox 2344 3928 2397 3992; x_wconf 66' lang='lat' dir='ltr'>d</span> <span class='ocrx_word' id='word_1_332' title='bbox 2419 3931 2504 4006; x_wconf 83' lang='grc' dir='ltr'>μή</span> <span class='ocrx_word' id='word_1_333' title='bbox 2524 3929 2651 4007; x_wconf 79' lang='grc' dir='ltr'>γὰρ</span> <span class='ocrx_word' id='word_1_334' title='bbox 2679 3928 2761 4008; x_wconf 77' lang='grc' dir='ltr'>ἦν</span> 
     </span>
     <span class='ocr_line' id='line_1_33' title="bbox 250 4033 2757 4118; baseline -0.001 -16"><span class='ocrx_word' id='word_1_335' title='bbox 250 4039 402 4114; x_wconf 87' lang='grc' dir='ltr'>σὸς</span> <span class='ocrx_word' id='word_1_336' title='bbox 432 4037 586 4113; x_wconf 89' lang='grc' dir='ltr'>παῖς</span> <span class='ocrx_word' id='word_1_337' title='bbox 626 4033 748 4099; x_wconf 83' lang='grc' dir='ltr'>οὐκ</span> <span class='ocrx_word' id='word_1_338' title='bbox 790 4034 870 4099; x_wconf 86' lang='grc' dir='ltr'>ἂν</span> <span class='ocrx_word' id='word_1_339' title='bbox 910 4034 1174 4113; x_wconf 80' lang='grc' dir='ltr'>ἤγειρας</span> <span class='ocrx_word' id='word_1_340' title='bbox 1216 4033 1416 4099; x_wconf 75' lang='grc' dir='ltr'>αὐτὸν</span> <span class='ocrx_word' id='word_1_341' title='bbox 1459 4034 1531 4099; x_wconf 75' lang='grc' dir='ltr'>ὲκ</span> <span class='ocrx_word' id='word_1_342' title='bbox 1579 4038 1855 4111; x_wconf 85' lang='grc' dir='ltr'>νεκρῶν·</span> <span class='ocrx_word' id='word_1_343' title='bbox 1888 4035 2057 4112; x_wconf 86' lang='grc' dir='ltr'>Θεὸς</span> <span class='ocrx_word' id='word_1_344' title='bbox 2098 4035 2224 4112; x_wconf 80' lang='grc' dir='ltr'>γὰρ</span> <span class='ocrx_word' id='word_1_345' title='bbox 2268 4034 2365 4099; x_wconf 83' lang='grc' dir='ltr'>ὢν</span> <span class='ocrx_word' id='word_1_346' title='bbox 2392 4035 2757 4118; x_wconf 80' lang='grc' dir='ltr'>ἔδειξεντῷ</span> 
     </span>
    </p>
   </div>
   <div class='ocr_carea' id='block_1_3' title="bbox 241 4286 2768 4939">
    <p class='ocr_par' dir='ltr' id='par_1_6' title="bbox 241 4286 2768 4939">
     <span class='ocr_line' id='line_1_34' title="bbox 335 4286 2764 4356; baseline -0.001 -13"><span class='ocrx_word' id='word_1_347' title='bbox 335 4294 359 4325; x_wconf 86' lang='lat'><em>¹</em></span> <span class='ocrx_word' id='word_1_348' title='bbox 385 4288 523 4356; x_wconf 82' lang='grc' dir='ltr'>περὶ</span> <span class='ocrx_word' id='word_1_349' title='bbox 546 4290 615 4342; x_wconf 85' lang='grc' dir='ltr'>δν</span> <span class='ocrx_word' id='word_1_350' title='bbox 637 4305 683 4342; x_wconf 79' lang='lat' dir='ltr'>c.</span> <span class='ocrx_word' id='word_1_351' title='bbox 705 4317 774 4327; x_wconf 92' lang='lat'>—</span> <span class='ocrx_word' id='word_1_352' title='bbox 796 4288 820 4323; x_wconf 80' lang='lat'>²</span> <span class='ocrx_word' id='word_1_353' title='bbox 842 4291 1099 4350; x_wconf 81' lang='grc' dir='ltr'>κλιθῆναι</span> <span class='ocrx_word' id='word_1_354' title='bbox 1122 4303 1184 4350; x_wconf 70' lang='grc' dir='ltr'>α,</span> <span class='ocrx_word' id='word_1_355' title='bbox 1206 4304 1349 4341; x_wconf 77' lang='lat' dir='ltr'><strong><em>corr.</em></strong></span> <span class='ocrx_word' id='word_1_356' title='bbox 1374 4305 1442 4340; x_wconf 68' lang='lat' dir='ltr'>ex</span> <span class='ocrx_word' id='word_1_357' title='bbox 1467 4287 1531 4340; x_wconf 83' lang='lat' dir='ltr'>A.</span> <span class='ocrx_word' id='word_1_358' title='bbox 1564 4314 1633 4325; x_wconf 90' lang='lat'>—</span> <span class='ocrx_word' id='word_1_359' title='bbox 1653 4286 1678 4320; x_wconf 82' lang='lat'>⁸</span> <span class='ocrx_word' id='word_1_360' title='bbox 1702 4288 1957 4341; x_wconf 74' lang='lat' dir='ltr'>hebraica</span> <span class='ocrx_word' id='word_1_361' title='bbox 1982 4289 2063 4346; x_wconf 67' lang='lat' dir='ltr'>aie</span> <span class='ocrx_word' id='word_1_362' title='bbox 2095 4289 2270 4354; x_wconf 74' lang='lat' dir='ltr'><strong><em>refert</em></strong></span> <span class='ocrx_word' id='word_1_363' title='bbox 2304 4289 2483 4341; x_wconf 72' lang='lat' dir='ltr'><em>Wotke</em></span> <span class='ocrx_word' id='word_1_364' title='bbox 2505 4306 2527 4340; x_wconf 88' lang='lat'>.·</span> <span class='ocrx_word' id='word_1_365' title='bbox 2545 4286 2619 4340; x_wconf 68' lang='lat' dir='ltr'>ui</span> <span class='ocrx_word' id='word_1_366' title='bbox 2651 4288 2764 4353; x_wconf 77' lang='grc' dir='ltr'>κρὰ</span> 
     </span>
     <span class='ocr_line' id='line_1_35' title="bbox 246 4368 2766 4442; baseline -0.003 -13"><span class='ocrx_word' id='word_1_367' title='bbox 246 4378 555 4442; x_wconf 74' lang='grc' dir='ltr'>ἀκριμημι</span> <span class='ocrx_word' id='word_1_368' title='bbox 589 4372 829 4437; x_wconf 77' lang='grc' dir='ltr'>λασάφη·</span> <span class='ocrx_word' id='word_1_369' title='bbox 869 4372 1052 4424; x_wconf 83' lang='grc' dir='ltr'>ἀδονα</span> <span class='ocrx_word' id='word_1_370' title='bbox 1088 4370 1193 4435; x_wconf 86' lang='grc' dir='ltr'>βήρ</span> <span class='ocrx_word' id='word_1_371' title='bbox 1231 4369 1373 4422; x_wconf 85' lang='grc' dir='ltr'>ἀλωῖ</span> <span class='ocrx_word' id='word_1_372' title='bbox 1405 4370 1636 4433; x_wconf 79' lang='grc' dir='ltr'>ἀμεδῶθ</span> <span class='ocrx_word' id='word_1_373' title='bbox 1661 4368 2062 4435; x_wconf 86' lang='grc' dir='ltr'>φελφαουτίου</span> <span class='ocrx_word' id='word_1_374' title='bbox 2090 4369 2386 4436; x_wconf 77' lang='grc' dir='ltr'>βορακάθα</span> <span class='ocrx_word' id='word_1_375' title='bbox 2417 4369 2602 4422; x_wconf 62' lang='lat' dir='ltr'>&amp;bova</span> <span class='ocrx_word' id='word_1_376' title='bbox 2621 4368 2766 4422; x_wconf 80' lang='grc' dir='ltr'>ἀλωῖ</span> 
     </span>
     <span class='ocr_line' id='line_1_36' title="bbox 243 4451 2764 4524; baseline -0.003 -14"><span class='ocrx_word' id='word_1_377' title='bbox 243 4456 550 4524; x_wconf 78' lang='grc' dir='ltr'>ἐκμαρώθ</span> <span class='ocrx_word' id='word_1_378' title='bbox 575 4455 749 4508; x_wconf 79' lang='grc' dir='ltr'>αὺξιῶ</span> <span class='ocrx_word' id='word_1_379' title='bbox 775 4453 1031 4518; x_wconf 75' lang='grc' dir='ltr'>αὐθηβαλ</span> <span class='ocrx_word' id='word_1_380' title='bbox 1054 4453 1198 4518; x_wconf 85' lang='grc' dir='ltr'>βαρό</span> <span class='ocrx_word' id='word_1_381' title='bbox 1222 4453 1286 4506; x_wconf 84' lang='grc' dir='ltr'>ύξ</span> <span class='ocrx_word' id='word_1_382' title='bbox 1310 4453 1345 4519; x_wconf 82' lang='grc' dir='ltr'>ἡ</span> <span class='ocrx_word' id='word_1_383' title='bbox 1373 4452 1792 4517; x_wconf 84' lang='grc' dir='ltr'>ἀνουμελιούξει</span> <span class='ocrx_word' id='word_1_384' title='bbox 1818 4451 2038 4518; x_wconf 82' lang='grc' dir='ltr'>ἀχομμὴ</span> <span class='ocrx_word' id='word_1_385' title='bbox 2068 4452 2370 4517; x_wconf 79' lang='grc' dir='ltr'>ἀβιουρβιί·</span> <span class='ocrx_word' id='word_1_386' title='bbox 2396 4452 2488 4517; x_wconf 78' lang='grc' dir='ltr'>ιήλ</span> <span class='ocrx_word' id='word_1_387' title='bbox 2510 4453 2764 4516; x_wconf 79' lang='grc' dir='ltr'>ῥαμμου-</span> 
     </span>
     <span class='ocr_line' id='line_1_37' title="bbox 246 4532 2765 4606; baseline -0.003 -14"><span class='ocrx_word' id='word_1_388' title='bbox 246 4538 532 4606; x_wconf 78' lang='grc' dir='ltr'>στραμοῖ</span> <span class='ocrx_word' id='word_1_389' title='bbox 565 4537 945 4602; x_wconf 79' lang='grc' dir='ltr'>ἀμομουκαθά</span> <span class='ocrx_word' id='word_1_390' title='bbox 983 4535 1241 4599; x_wconf 82' lang='grc' dir='ltr'>δάδαμόν</span> <span class='ocrx_word' id='word_1_391' title='bbox 1276 4532 1367 4599; x_wconf 83' lang='grc' dir='ltr'>ίῆλ</span> <span class='ocrx_word' id='word_1_392' title='bbox 1407 4535 1619 4599; x_wconf 85' lang='grc' dir='ltr'>μελμὰν</span> <span class='ocrx_word' id='word_1_393' title='bbox 1660 4537 1904 4599; x_wconf 80' lang='grc' dir='ltr'>σεσεντῆ</span> <span class='ocrx_word' id='word_1_394' title='bbox 1945 4534 2121 4599; x_wconf 81' lang='grc' dir='ltr'>μνανέ</span> <span class='ocrx_word' id='word_1_395' title='bbox 2157 4532 2286 4598; x_wconf 79' lang='grc' dir='ltr'>ίλῆμ</span> <span class='ocrx_word' id='word_1_396' title='bbox 2325 4534 2491 4600; x_wconf 78' lang='grc' dir='ltr'>ἀμήν.</span> <span class='ocrx_word' id='word_1_397' title='bbox 2536 4535 2765 4586; x_wconf 65' lang='lat' dir='ltr'><strong><em>Tama·</em></strong></span> 
     </span>
     <span class='ocr_line' id='line_1_38' title="bbox 243 4615 2764 4686; baseline -0.004 -7"><span class='ocrx_word' id='word_1_398' title='bbox 243 4623 524 4679; x_wconf 65' lang='lat' dir='ltr'>renituit</span> <span class='ocrx_word' id='word_1_399' title='bbox 552 4621 710 4686; x_wconf 50' lang='grc' dir='ltr'>λαβέ</span> <span class='ocrx_word' id='word_1_400' title='bbox 728 4623 808 4672; x_wconf 78' lang='lat' dir='ltr'>im</span> <span class='ocrx_word' id='word_1_401' title='bbox 828 4639 849 4672; x_wconf 84' lang='grc'>.-</span> <span class='ocrx_word' id='word_1_402' title='bbox 871 4619 1010 4685; x_wconf 81' lang='grc' dir='ltr'>έκρα</span> <span class='ocrx_word' id='word_1_403' title='bbox 1033 4619 1173 4683; x_wconf 80' lang='grc' dir='ltr'>ἕκρα</span> <span class='ocrx_word' id='word_1_404' title='bbox 1197 4617 1390 4682; x_wconf 86' lang='grc' dir='ltr'>βμίλας</span> <span class='ocrx_word' id='word_1_405' title='bbox 1414 4617 1528 4682; x_wconf 86' lang='grc' dir='ltr'>ἁπή</span> <span class='ocrx_word' id='word_1_406' title='bbox 1555 4617 1754 4672; x_wconf 84' lang='grc' dir='ltr'>ἀδόναι</span> <span class='ocrx_word' id='word_1_407' title='bbox 1778 4616 1960 4683; x_wconf 68' lang='grc' dir='ltr'>ᾱβήρα</span> <span class='ocrx_word' id='word_1_408' title='bbox 1985 4615 2135 4682; x_wconf 84' lang='grc' dir='ltr'>ἐλωὴ</span> <span class='ocrx_word' id='word_1_409' title='bbox 2168 4616 2390 4681; x_wconf 58' lang='lat' dir='ltr'>&amp;numo</span> <span class='ocrx_word' id='word_1_410' title='bbox 2409 4615 2517 4668; x_wconf 68' lang='grc' dir='ltr'>πέλ</span> <span class='ocrx_word' id='word_1_411' title='bbox 2535 4617 2764 4668; x_wconf 74' lang='grc' dir='ltr'>πλααῦθ</span> 
     </span>
     <span class='ocr_line' id='line_1_39' title="bbox 244 4697 2767 4775; baseline -0.004 -16"><span class='ocrx_word' id='word_1_412' title='bbox 244 4704 486 4775; x_wconf 81' lang='grc' dir='ltr'>βρακία</span> <span class='ocrx_word' id='word_1_413' title='bbox 537 4702 727 4768; x_wconf 76' lang='grc' dir='ltr'>ἁβάρα</span> <span class='ocrx_word' id='word_1_414' title='bbox 760 4701 828 4768; x_wconf 84' lang='grc' dir='ltr'>ἦς</span> <span class='ocrx_word' id='word_1_415' title='bbox 868 4701 1055 4763; x_wconf 78' lang='grc' dir='ltr'>ἁχάμα</span> <span class='ocrx_word' id='word_1_416' title='bbox 1095 4700 1375 4765; x_wconf 83' lang='grc' dir='ltr'>βάλεβάνα</span> <span class='ocrx_word' id='word_1_417' title='bbox 1413 4701 1668 4766; x_wconf 81' lang='grc' dir='ltr'>λιμζῆλες</span> <span class='ocrx_word' id='word_1_418' title='bbox 1715 4698 1844 4764; x_wconf 84' lang='grc' dir='ltr'>βίομ</span> <span class='ocrx_word' id='word_1_419' title='bbox 1885 4697 2158 4763; x_wconf 81' lang='grc' dir='ltr'>ούβλαῖλα</span> <span class='ocrx_word' id='word_1_420' title='bbox 2191 4698 2378 4751; x_wconf 81' lang='grc' dir='ltr'>ἁιῶσα</span> <span class='ocrx_word' id='word_1_421' title='bbox 2416 4698 2767 4763; x_wconf 75' lang='grc' dir='ltr'>ἁμαμοὺκωθ</span> 
     </span>
     <span class='ocr_line' id='line_1_40' title="bbox 244 4777 2767 4859; baseline -0.003 -20"><span class='ocrx_word' id='word_1_422' title='bbox 244 4786 644 4859; x_wconf 77' lang='grc' dir='ltr'>βάραμμάωθ</span> <span class='ocrx_word' id='word_1_423' title='bbox 661 4782 925 4850; x_wconf 80' lang='grc' dir='ltr'>ἁραμωίμ</span> <span class='ocrx_word' id='word_1_424' title='bbox 943 4784 1079 4849; x_wconf 85' lang='grc' dir='ltr'>δῆλε</span> <span class='ocrx_word' id='word_1_425' title='bbox 1098 4782 1298 4836; x_wconf 81' lang='grc' dir='ltr'>ἀδόναι</span> <span class='ocrx_word' id='word_1_426' title='bbox 1317 4781 1466 4848; x_wconf 86' lang='grc' dir='ltr'>ἐλωή</span> <span class='ocrx_word' id='word_1_427' title='bbox 1487 4783 1751 4847; x_wconf 82' lang='grc' dir='ltr'>τέκμαρω</span> <span class='ocrx_word' id='word_1_428' title='bbox 1776 4779 1975 4834; x_wconf 81' lang='grc' dir='ltr'>ταυξία</span> <span class='ocrx_word' id='word_1_429' title='bbox 2000 4779 2131 4833; x_wconf 62' lang='lat' dir='ltr'>atrei</span> <span class='ocrx_word' id='word_1_430' title='bbox 2150 4781 2296 4844; x_wconf 71' lang='grc' dir='ltr'>λμάν</span> <span class='ocrx_word' id='word_1_431' title='bbox 2318 4779 2537 4846; x_wconf 80' lang='grc' dir='ltr'>ίεσῆνιμ</span> <span class='ocrx_word' id='word_1_432' title='bbox 2551 4777 2767 4847; x_wconf 77' lang='grc' dir='ltr'>ἐλωμίμ</span> 
     </span>
     <span class='ocr_line' id='line_1_41' title="bbox 241 4861 2768 4939; baseline -0.002 -15"><span class='ocrx_word' id='word_1_433' title='bbox 241 4874 445 4939; x_wconf 78' lang='grc' dir='ltr'>ἀνήνι</span> <span class='ocrx_word' id='word_1_434' title='bbox 469 4867 640 4934; x_wconf 55' lang='lat' dir='ltr'>&amp;vilv-</span> <span class='ocrx_word' id='word_1_435' title='bbox 653 4894 722 4906; x_wconf 92' lang='lat'>—-</span> <span class='ocrx_word' id='word_1_436' title='bbox 737 4867 778 4931; x_wconf 75' lang='lat'>⁴,</span> <span class='ocrx_word' id='word_1_437' title='bbox 795 4866 837 4932; x_wconf 75' lang='lat'>⁸,</span> <span class='ocrx_word' id='word_1_438' title='bbox 859 4867 884 4902; x_wconf 77' lang='lat'><strong>⁸</strong></span> <span class='ocrx_word' id='word_1_439' title='bbox 905 4867 1036 4921; x_wconf 80' lang='lat' dir='ltr'>add.</span> <span class='ocrx_word' id='word_1_440' title='bbox 1054 4883 1121 4920; x_wconf 75' lang='lat' dir='ltr'>ex</span> <span class='ocrx_word' id='word_1_441' title='bbox 1144 4866 1207 4918; x_wconf 77' lang='lat' dir='ltr'>A.</span> <span class='ocrx_word' id='word_1_442' title='bbox 1229 4892 1298 4904; x_wconf 89' lang='lat'><strong>—</strong></span> <span class='ocrx_word' id='word_1_443' title='bbox 1315 4864 1336 4897; x_wconf 77' lang='lat'>⁷</span> <span class='ocrx_word' id='word_1_444' title='bbox 1355 4865 1625 4939; x_wconf 75' lang='grc' dir='ltr'>ταρτάρῳ</span> <span class='ocrx_word' id='word_1_445' title='bbox 1651 4880 1781 4926; x_wconf 50' lang='grc' dir='ltr'>ο.,-</span> <span class='ocrx_word' id='word_1_446' title='bbox 1804 4863 1829 4897; x_wconf 82' lang='lat'>⁸</span> <span class='ocrx_word' id='word_1_447' title='bbox 1844 4863 2180 4928; x_wconf 73' lang='grc' dir='ltr'>παραδόσεις</span> <span class='ocrx_word' id='word_1_448' title='bbox 2198 4878 2246 4916; x_wconf 82' lang='lat' dir='ltr'>e.</span> <span class='ocrx_word' id='word_1_449' title='bbox 2263 4890 2332 4901; x_wconf 94' lang='lat'>—</span> <span class='ocrx_word' id='word_1_450' title='bbox 2348 4863 2376 4898; x_wconf 77' lang='lat'>⁸</span> <span class='ocrx_word' id='word_1_451' title='bbox 2390 4862 2513 4916; x_wconf 72' lang='grc' dir='ltr'>ἀντ’</span> <span class='ocrx_word' id='word_1_452' title='bbox 2526 4861 2705 4916; x_wconf 72' lang='grc' dir='ltr'>εἰπεῖν</span> <span class='ocrx_word' id='word_1_453' title='bbox 2719 4879 2768 4918; x_wconf 81' lang='lat' dir='ltr'>e.</span> 
     </span>
    </p>
   </div>
  </div>
 </body>
</html>
