3487 5450
710 542 804 615 32
1486 549 1493 555 ’
1752 557 1841 609 m:
1893 555 2135 608 MAGNO

793 749 933 815 Fol.
970 746 1166 812 Iv-IIv
1193 751 1382 832 (saec.
1416 745 1634 830 XIII)
1663 769 1684 810 :
1712 746 2161 811 kalendarium
2183 745 2488 810 mensium
2512 745 2822 828 ianuarii,
2839 744 3177 827 februarii,

709 856 955 1014 mZZZ·
981 946 1081 1012 ΙΙΓ
1120 954 1175 1011 et
1222 946 1329 1012 Ilv
1377 948 1445 1010 in
1487 947 1776 1030 maryine
1817 945 2132 1030 descripta
2180 950 2268 1008 est
2310 964 2469 1008 saec.
2527 942 2711 1008 XIV
2745 944 2831 1008 in.
2873 945 3173 1009 narratio

708 1048 957 1129 muita,
983 1067 1175 1133 quam
1198 1045 1345 1110 inde
1363 1045 1560 1110 edidit
1581 1044 1635 1111 b.
1657 1066 1745 1109 m.
1778 1045 1882 1110 W.
1901 1045 2355 1109 WATTanAcn
2379 1046 2440 1106 in
2455 1042 2672 1109 Neues
2693 1043 2954 1123 Archiv,
2977 1052 3022 1109 t.
3047 1042 3172 1127 IV,

702 1170 773 1235 p.
814 1148 1029 1213 207-8.
1068 1148 1227 1212 Cum
1252 1146 1371 1229 fol.
1404 1144 1487 1209 ΙΙ
1506 1148 1589 1210 sit
1617 1146 1916 1226 lacerum,
1946 1144 2034 1207 ad
2069 1143 2233 1207 illud
2271 1142 2662 1225 firmandum
2708 1144 3176 1229 aqylutinatum

706 1256 794 1314 est
813 1268 1091 1333 parvum
1115 1246 1368 1329 folium,
1404 1248 1469 1309 in
1500 1265 1622 1332 quo
1647 1265 1810 1310 saec.
1858 1243 1930 1309 X
1943 1243 2005 1306 V
2023 1249 2300 1307 exarata
2348 1250 2498 1307 sunt
2524 1244 2728 1308 nescio
2775 1263 2935 1329 quae
2964 1242 3178 1329 philo-

707 1344 1040 1509 8012ζῖαῇ
1074 1443 1259 1527 (saec.
1291 1440 1474 1526 XII)
1515 1463 1538 1506 .·
1579 1440 1864 1524 officium
1911 1438 1979 1505 S.
2025 1438 2743 1524 Mariae‘Maydalenae
2781 1439 3177 1505 neumatibus

711 1550 1019 1709 ηοῗξῖᾜι.
1050 1640 1241 1705 codex
1266 1641 1556 1725 siynatus
1593 1639 1697 1721 24,
1721 1638 2028 1720 foliorum
2057 1638 2183 1701 215
2233 1639 2488 1721 (ov-,409
2541 1655 2591 1707 ><
2645 1639 2879 1721 0‚209),
2906 1640 3178 1703 continet

709 1763 944 1807 menses
970 1741 1262 1825 aprilem,
1291 1741 1554 1819 maium,
1586 1739 1855 1803 iunium.
1897 1737 1978 1801 In
2022 1738 2227 1821 capite
2272 1737 2564 1802 additum
2608 1745 2694 1803 est
2731 1738 2963 1821 folium
2999 1738 3174 1803 nullo

708 1862 967 1906 numero
1007 1847 1318 1921 notatum,
1348 1841 1415 1902 in
1444 1859 1563 1924 quo
1594 1839 1821 1922 leyitur
1865 1834 2310 1900 kalendarium
2343 1839 2650 1901 mensium
2678 1839 2814 1901 mai
2834 1837 3175 1903 dumtaxat

710 1947 767 2005 et
787 1941 972 2005 iunii.
1004 1939 1082 2003 In
1096 1946 1288 2024 parte
1316 1945 1523 2002 autem
1546 1937 1820 2000 eiusdem
1844 1936 1966 2019 foli
1970 1938 1993 1998 i
2011 1936 2364 2019 descriptus
2392 1944 2480 2001 est
2501 1958 2658 2001 saec.
2690 1936 2800 2000 XI
2821 1936 2867 2000 V
2893 1935 3175 2002 elenchus

706 2041 1103 2126 septuayinta
1125 2037 1251 2102 deco
1273 2037 1669 2102 diversarum
1698 2036 2094 2120 linquarnm.

1455 2353 1539 2409 V.
1584 2351 1973 2419 Exemplar
2015 2346 2448 2407 mellicense.

795 2542 1046 2607 Codices
1073 2540 1457 2625 Leqendarii
1483 2540 1815 2604 Austriaci
1843 2544 2089 2622 septem,
2134 2540 2244 2623 qui
2285 2539 2352 2602 in
2396 2536 2756 2603 bibliotheca
2801 2535 3177 2605 Mellicensis

709 2637 994 2707 abbatiae
1020 2639 1092 2706 Ο.
1113 2640 1183 2705 S.
1208 2641 1287 2705 Β.
1304 2639 1519 2721 (Melit,
1533 2640 1600 2702 in
1614 2639 1887 2703 Austria
1902 2638 2228 2723 inferiore)
2252 2645 2605 2720 servantur,
2622 2640 2916 2704 videntur
2926 2639 3177 2725 quidem

704 2745 1017 2828 inteqram
1039 2741 1447 2805 collectionem
1491 2739 1749 2822 efficere,
1776 2758 1994 2823 reapse
2021 2745 2227 2802 autem
2259 2737 2347 2801 ad
2389 2738 2554 2803 duas
2576 2739 3177 2825 collectiones-perti-

706 2851 871 2923 nent,
894 2862 1053 2927 quae
1072 2861 1134 2905 se
1159 2841 1432 2904 vicissim
1454 2838 1778 2923 complent.
1814 2837 2118 2902 Volnmen
2140 2857 2356 2921 nempe
2376 2859 2596 2919 unum,
2617 2859 2774 2905 saec.
2802 2838 2996 2904 XIII
3018 2842 3179 2904 scri—

704 2950 903 3026 ptum,
932 2959 1199 3004 mensem
1224 2939 1604 3003 ianuarium
1648 2944 1701 3001 et
1739 2944 1991 3020 partem
2031 2936 2350 3019 februarii
2385 2937 2826 3021 complectitur
2835 2960 2868 3019 ;
2907 2939 3177 3004 alteram

703 3041 1023 3125 februarii
1054 3044 1309 3122 partem
1351 3045 1405 3102 et
1445 3037 1718 3121 reliquos
1748 3056 1985 3100 menses
2012 3038 2320 3100 continent
2360 3057 2468 3101 sex
2488 3037 2819 3101 volumina
2848 3058 3007 3103 saec.
3036 3038 3190 3103 XV

709 3145 1001 3206 exarata.
1040 3137 1273 3203 Omnia
1298 3139 1366 3199 in
1396 3135 1754 3199 bibliotheca
1776 3143 1994 3200 nostra
2021 3136 2344 3220 potuimus
2364 3136 2652 3200 evolvere.

801 3239 1004 3319 Quam
1044 3239 1210 3300 enim
1253 3233 1669 3300 decessoribus
1696 3235 1849 3299 olim
1890 3236 2125 3311 nostris
2154 3233 2471 3319 Ianninqo
2499 3243 2553 3299 et
2576 3234 2837 3300 Baertio
2866 3238 3179 3322 eyreyiam

709 3337 1113 3402 exhibuerant
1137 3334 1517 3400 Mellicenses
1538 3325 2015 3397 benevolentiam
2037 3336 2151 3417 (1),
2173 3334 2427 3398 eandem
2456 3342 2509 3398 et
2534 3355 2647 3400 nos
2673 3338 2910 3419 experti
2929 3356 3175 3402 sumus.

712 3436 862 3502 Non
885 3437 1082 3500 solum
1105 3436 1271 3498 enim
1294 3454 1489 3496 unum
1517 3453 1592 3496 ex
1617 3434 1871 3514 nostris,
1888 3454 2024 3496 cum
2052 3440 2198 3497 ante
2216 3432 2328 3496 hos
2349 3441 2648 3518 quattuor
2676 3454 2878 3499 annos
2906 3437 2974 3498 in
2985 3456 3184 3520 prae-

710 3535 956 3599 claram
1005 3532 1320 3597 abbatiam
1374 3534 1441 3595 in
1485 3533 1702 3596 itinere
1745 3531 2111 3613 divertisset,
2136 3531 2620 3615 perhumaniter
2658 3542 3043 3619 exceperunt,
3070 3534 3182 3600 sed

712 3635 922 3713 etiam,
963 3633 1131 3697 ultro
1174 3631 1530 3696 concedente
1576 3632 2003 3696 illustrissimo
2046 3630 2299 3695 Domno
2342 3626 2597 3713 Abbate,
2641 3639 2776 3697 tum
2820 3634 2975 3716 alia,
3040 3642 3178 3699 tum

684 3721 939 3817 ‘septem
967 3729 1349 3815 Leqendarii
1372 3731 1690 3794 volumina
1718 3717 2061 3795 Bruxellas
2082 3731 2252 3795 misit
2275 3733 2374 3794 vir
2396 3733 2674 3815 optimus
2695 3732 2822 3797 Dr.
2850 3732 3182 3815 Rudolfus

716 3831 1153 3915 Schachinqer,
1181 3829 1573 3894 bibliothecae
1595 3829 1942 3894 Mellicensi
1956 3830 2339 3915 praefectus.

1316 3998 1372 4059 1.
1420 3995 1760 4059 Extm’mn
1807 3995 2191 4060 Mnucnnsn
2232 4015 2585 4061 verus‘rms.

796 4112 1108 4195 Superest,
1136 4118 1205 4174 ut
1233 4110 1416 4174 modo
1446 4109 1605 4192 dixi,
1626 4132 1828 4174 unum
1859 4111 2161 4190 columen,
2188 4132 2398 4195 nempe

764 4275 767 4278 ,
797 4218 875 4275 Μ
905 4213 969 4256 ¹?ss
1006 4243 1083 4263 ==
1106 4209 1298 4274 codex
1324 4212 1611 4294 siynatus
1635 4209 1713 4272 F.
1747 4210 1808 4292 8,
1839 4216 2141 4273 exaratus
2180 4230 2341 4274 saec.
2383 4208 2580 4274 XIII
2604 4217 2856 4274 exeunte
2867 4234 2890 4289 ;
2935 4211 3184 4277 litterae

716 4308 996 4375 initiales
1047 4330 1175 4373 non
1208 4330 1459 4394 paucae
1508 4308 1818 4373 coloribus
1851 4310 2160 4395 pictisque
2184 4308 2412 4393 fiquris
2434 4308 2693 4393 pulchre
2722 4317 2986 4374 ornatae
3005 4320 3176 4377 sunt.

719 4410 977 4474 Constat
1015 4408 1194 4491 foliis
1232 4409 1359 4473 268
1386 4410 1501 4491 (2),
1541 4408 1795 4491 formae
1822 4408 2155 4473 mediocris
2182 4409 2435 4490 (005334
2479 4426 2528 4475 ><
2574 4410 2809 4492 0‚225).
2861 4409 3000 4476 Fol.
3035 4413 3181 4496 265,

718 4508 883 4593 quod
902 4509 1125 4572 ultimo
1166 4508 1295 4572 loco
1323 4510 1506 4589 venit,
1533 4506 1917 4592 descriptum
1960 4514 2045 4573 est
2072 4528 2230 4573 saec.
2287 4507 2500 4591 XIII,
2530 4509 2664 4573 alia
2705 4515 2917 4572 tamen
2957 4531 3181 4597 manu,

784 4675 858 4742 (1)
876 4673 993 4729 vid.
1016 4674 1157 4729 infra
1189 4675 1260 4728 ad
1295 4675 1414 4729 cod.
1438 4675 1507 4729 Μ.
1534 4675 1582 4729 4.
1610 4702 1673 4715 —
1697 4675 1773 4742 (2)
1797 4674 2065 4729 Ultimum
2087 4675 2307 4744 quidem
2331 4675 2524 4730 folium
2543 4675 2814 4744 signatum
2841 4680 2924 4730 est
2945 4693 3182 4734 numero

717 4759 818 4813 265
833 4778 848 4824 ;
865 4773 1058 4813 verum
1080 4758 1225 4813 inter
1245 4757 1377 4812 solia
1400 4757 1607 4827 signata
1628 4757 1727 4812 263
1752 4761 1809 4811 et
1824 4757 1925 4812 264
1940 4757 2142 4812 inserta
2163 4762 2294 4813 sunt
2310 4759 2420 4813 duo
2438 4758 2584 4827 folia,
2596 4774 2738 4828 quae
2755 4759 2969 4814 nullum
2987 4776 3182 4817 nume—

718 4857 843 4895 rum
858 4843 1173 4909 praeferunt
1189 4844 1241 4895 et
1258 4840 1510 4895 saec.XV
1529 4845 1657 4895 sunt
1683 4833 1952 4905 exarata5'
1968 4846 2250 4909 praeterea
2281 4840 2413 4896 folia
2446 4842 2555 4896 duo
2591 4842 2788 4897 eodem
2822 4858 3056 4900 numero
3080 4845 3182 4901 232

718 4921 929 4990 signata
957 4926 1103 4990 sunt,
1124 4926 1188 4977 ut
1202 4938 1392 4991 reapse
1418 4922 1592 4977 codex
1614 4923 2011 4990 complectatur
2031 4921 2165 4977 solia
2186 4923 2300 4977 268.
