3487 5450
1344 619 1695 672 APPnme
1746 619 1791 673 1.
2658 598 2800 674 125

315 826 640 891 umquam
668 825 1023 891 corporeae
1049 806 1477 874 imbecillitati
1503 808 1887 893 indulgeret.
1907 808 2221 889 Quotiens
2252 812 2480 876 tamen
2501 828 2653 876 cum
2679 810 2806 877 sibi

316 907 749 973 familiaribus
775 906 881 973 illo
928 926 1048 973 suo
1080 906 1286 973 nobili
1324 908 1638 989 convivio,
1680 908 1749 974 id
1792 912 1892 974 est
1926 929 2120 993 pane,
2167 909 2500 975 interdum
2542 929 2805 994 quoque

315 1007 458 1073 sine
500 1005 655 1073 salis
717 1007 1132 1072 condimento
1184 1006 1685 1089 iucundabatur,
1739 1008 1797 1074 si
1852 1008 2022 1074 forte
2088 1009 2351 1075 interim
2399 1008 2590 1075 lectio
2651 1028 2806 1076 con-

317 1106 584 1191 quievit,
629 1106 809 1189 quod
858 1106 1126 1190 quidem
1173 1126 1327 1172 raro
1369 1106 1660 1190 contigit,
1707 1126 1925 1174 sermo
1970 1108 2111 1173 eius
2152 1128 2289 1173 non
2340 1108 2510 1174 alius
2548 1108 2676 1174 nisi
2722 1108 2807 1174 de

245 1224 278 1273 s
315 1209 699 1288 contemptu
751 1205 980 1271 mundi
1031 1205 1267 1285 fuerat,
1336 1209 1890 1289 praesentemque
1958 1206 2235 1290 gloriam
2293 1207 2546 1273 calcare
2597 1211 2665 1274 et
2718 1206 2807 1273 ad

313 1324 606 1389 superna
634 1304 874 1389 gaudia
903 1325 1166 1389 semper
1193 1305 1525 1372 festinare.

397 1413 470 1470 4.
514 1405 590 1469 In
635 1405 761 1471 hac
789 1409 993 1483 quietis
1041 1404 1512 1489 tranquillitate
1550 1405 1758 1471 'beato
1786 1403 1928 1469 viro
1975 1411 2211 1466 necdum
2254 1410 2482 1467 biennio
2524 1405 2806 1489 adplene

312 1503 692 1585 constituto,
722 1523 873 1570 ecce
899 1504 1119 1570 subito
1162 1504 1375 1569 omnis
1417 1524 1654 1570 manus
1694 1504 2026 1587 Ligurum,
2066 1503 2278 1570 omnis
2322 1504 2624 1588 dignitaS,
2664 1505 2810 1571 uni-

311 1621 509 1670 versa
528 1603 836 1669 nobilitas
866 1603 1005 1668 eius
1027 1603 1233 1669 sacris
1253 1603 1540 1686 vestigiis
1569 1603 1815 1686 ingenti
1834 1602 2014 1668 luctu
2033 1607 2370 1686 prostrata
2391 1623 2465 1669 se
2484 1603 2808 1670 crudelius

219 1720 275 1768 to
311 1703 524 1769 multo
555 1723 761 1786 quam
801 1705 956 1768 ante
997 1703 1200 1785 regali
1215 1703 1242 1741 ¹
1268 1707 1480 1766 tributo
1528 1722 1756 1768 rursus
1799 1702 2135 1785 perurgeri
2179 1702 2612 1786 proclamant,
2666 1704 2807 1769 sine

311 1802 547 1869 veniae
572 1804 883 1885 respectu
907 1801 978 1866 in
999 1801 1145 1867 illos
1166 1801 1558 1867 debacchari
1576 1802 1867 1867 barbara
1888 1804 1954 1867 et
1979 1801 2279 1867 inaudita
2300 1803 2594 1884 saevitia,
2607 1803 2809 1870 etiam

310 1901 884 1967 matrimoniorum
907 1919 1180 1965 suorum
1206 1900 1349 1965 illos
1373 1901 1669 1985 terminis
1696 1901 2074 1984 proturbari
2088 1900 2134 1966 ².

398 2009 467 2067 5.
512 1999 782 2082 Scimus,
813 1999 1136 2083 inquiunt,
1164 1998 1330 2085 quod
1361 1999 1497 2063 iam
1524 2006 1648 2064 toto
1677 2000 1894 2063 animo
1919 1998 2197 2064 Christo¹
2227 2020 2290 2064 es
2320 2001 2689 2065 coniunctus
2705 2001 2807 2065 in¹

311 2100 516 2177 eadm
541 2098 652 2163 sed
698 2119 832 2180 cur,
862 2097 1030 2191 quod
1056 2105 1203 2162 ante
1239 2118 1368 2161 non
1402 2098 1665 2180 feceras,
1683 2118 1811 2183 pro
1852 2105 2110 2162 tuorum
2153 2098 2511 2181 defensione
2538 2120 2809 2185 perqoee

225 2212 283 2261 η
318 2197 550 2263 tardas
569 2196 804 2262 ?Anne
829 2202 1086 2261 sanetae
1105 2197 1329 2282 quietis
1354 2197 1845 2281 interrumpitur
1870 2198 2091 2279 otium,
2105 2196 2215 2261 ubi
2235 2199 2527 2263 sanetae¹
2544 2200 2810 2283 pietatis

313 2295 639 2362 exhibetur
682 2294 1007 2379 officium.
993 2294 1027 2343 2
1061 2294 1240 2360 Satis
1285 2301 1376 2360 est
1422 2295 1814 2381 quandoque,
1861 2295 2016 2359 dum
2056 2303 2319 2381 pastore
2362 2304 2578 2362 nostro
2619 2297 2809 2363 desti·-

315 2404 588 2477 tuemur,
617 2394 775 2460 dum
817 2402 932 2460 tua
962 2396 1289 2480 presentia
1330 2393 1715 2477 orbabimur‚
1759 2396 1819 2459 si
1853 2394 2069 2460 hostili
2108 2402 2261 2461 tunc
2298 2396 2561 2482 qladio²
2583 2417 2810 2461 eonsu-

315 2497 562 2559 mimur
587 2495 681 2559 vel
709 2515 752 2558 a
780 2495 1075 2559 naturali
1115 2494 1247 2559 solo
1287 2492 1401 2558 sub
1430 2496 1606 2559 omni
1622 2500 1800 2559 vento
1822 2495 2213 2578 exsulamus,
2244 2495 2430 2560 modo
2470 2496 2654 2561 liceat
2680 2502 2808 2560 tute

315 2595 539 2675 vivere,
587 2593 771 2657 liceat
820 2598 948 2656 tute
975 2591 1208 2677 deyere,
1250 2591 1406 2655 dum
1448 2599 1506 2656 te
1547 2593 1869 2657 intuemur
1903 2592 2176 2678 dumque
2220 2599 2368 2663 tuae
2407 2594 2808 2659 auctoritatis

219 2703 280 2757 w
317 2690 673 2777 aspectibus
699 2691 1053 2756 munimur.

403 2797 475 2857 6.
516 2791 640 2857 His
681 2790 944 2856 fletibus
987 2810 1258 2856 snorum
1311 2791 1577 2874 praesul
1617 2793 1882 2856 sanctus
1926 2791 2013 2856 ad
2054 2791 2359 2856 lacrimas
2379 2811 2593 2875 usque
2632 2811 2808 2859 com-

313 2894 621 2973 punctuS,
663 2889 815 2955 licet
839 2887 1015 2954 diem
1050 2888 1174 2953 sibi
1214 2892 1581 2955 extremum
1608 2888 1949 2954 imminere
1977 2908 2113 2954 non
2156 2890 2457 2969 nesciret,
2483 2891 2806 2974 proficisci

314 2993 546 3055 tamen
576 2988 835 3054 illorum
878 3007 1080 3054 causa
1118 3007 1268 3052 non.
1296 2988 1545 3068 abnuit,
1586 3008 1901 3071 magnum
1943 2988 2066 3053 sibi
2112 2987 2365 3053 lucrum
2407 2989 2546 3055 fore
2587 2990 2808 3057 existi-

309 3108 531 3167 mans,
564 3088 621 3153 si
649 3086 875 3154 fideles
904 3106 1100 3169 agere
1128 3086 1197 3151 in
1222 3105 1388 3169 pace
1406 3087 1429 3125 ¹
1458 3106 1730 3169 corpore
1773 3102 2150 3169 egressurus
2196 3086 2415 3152 sciret.
2465 3088 2803 3155 Profectus

217 3197 281 3248 25
313 3187 542 3270 itaque
591 3185 1185 3269 discipulorumque
1202 3184 1230 3223 ²
1259 3186 1629 3252 comitatus
1678 3185 1919 3251 affectu
1973 3205 2196 3268 regem
2247 3181 2608 3253 Ravennae
2655 3207 2806 3271 rep-

312 3286 517 3369 perit;
574 3305 618 3350 a
674 3304 805 3368 quo
854 3288 923 3349 et
963 3284 1244 3367 benigne
1298 3284 1668 3366 suscipitur,
1713 3303 2118 3368 quamquam
2174 3283 2390 3367 primo
2446 3290 2804 3370 utcumque

314 3385 540 3450 animo
569 3382 963 3460 moreretur,
991 3383 1161 3448 bene
1189 3382 1489 3452 conscius
1510 3382 1950 3466 Epiphaniam
1991 3402 2128 3447 non
2157 3382 2582 3465 frequentare
2620 3386 2802 3468 pala-

313 3483 505 3562 tium,
546 3479 678 3548 nisi*
712 3502 835 3564 pro
891 3480 1259 3564 quibusque
1310 3481 1641 3563 oppressis
1693 3481 2231 3570 supplicaturum.
2286 3481 2542 3548 Tamen
2597 3485 2806 3549 consi-

314 3581 554 3647 derata
602 3581 708 3645 vel
755 3579 967 3646 saneti
1020 3581 1142 3644 viri
1199 3579 1536 3662 dignitate,
1577 3579 1682 3644 vel
1743 3586 2074 3640 meritorum
2136 3585 2258 3640 eius
2317 3582 2687 3661 sanctitate,
2722 3583 2802 3648 ,in

218 3688 282 3740 so
315 3680 571 3746 cunctis
613 3699 787 3764 quae
813 3678 1065 3763 petivit,
1093 3679 1296 3761 immo
1338 3677 1697 3758 mandavit,
1742 3676 2076 3744 humiliter
2123 3679 2485 3758 consensit;
2532 3681 2802 3747 benedi·

317 3780 668 3862 ctioneque
689 3781 1021 3860 percepta,
1050 3777 1137 3842 ad
1165 3776 1394 3860 palatii
1417 3772 1606 3842 illum'
1628 3777 1800 3842 fores
1830 3780 2216 3860 prosecutus
2240 3780 2362 3842 est.

408 3886 478 3942 ’7.
521 3877 1089 3956 Festinantissime
1115 3875 1288 3941 'vero
1337 3882 1601 3937 Ravenna
1629 3882 1943 3951 egrediens,
1980 3876 2224 3958 quippe
2281 3876 2390 3959 qui
2431 3876 2566 3942 iam
2607 3878 2806 3961 depo-

317 3976 576 4042 sitionis
603 3995 766 4041 suae
794 3974 986 4040 diem·
1009 3973 1418 4058 inproximo¹
1443 3973 1874 4056 praevidebat
1892 3974 1933 4051 ¹,
1956 3993 2107 4038 cum
2134 3981 2395 4038 celerem
2428 3975 2676 4041 reditus
2702 3977 2805 4041 sui

316 4094 591 4140 cursum
604 4074 631 4112 ²
677 4074 1064 4139 comitantes
1114 4069 1400 4163 stupore⁴
1431 4073 1805 4138 vehementi
1845 4077 2140 4137 cerneret
2180 4072 2511 4152 admirari,
2568 4091 2806 4139 convo-

218 4181 282 4235 33
318 4178 478 4239 oeta
520 4173 832 4237 secretius
875 4171 1344 4254 discipulorum,
1388 4171 1605 4249 turba,
1641 4169 2071 4235 festinationis
2114 4190 2385 4235 causam
2424 4170 2688 4251 indicat,
2730 4193 2803 4237 se

315 4272 569 4339 scilicet
596 4272 666 4335 in
695 4269 997 4354 proximo
1025 4269 1279 4335 resolvi.
1307 4269 1460 4339 Mox
1487 4268 1699 4334 luctus
1740 4268 1966 4346 oritur,
2000 4268 2301 4351 planctus
2330 4269 2802 4351 ingeminatum

315 4390 480 4436 cum
506 4369 779 4435 tandem
807 4368 1054 4434 clamor
1077 4368 1240 4433 hac⁸
1265 4367 1562 4432 flentium
1589 4386 1751 4432 voce
1780 4367 2104 4432 excutitur
2118 4389 2135 4432 :
2151 4366 2294 4431 Heu
2307 4368 2355 4449 ⁴,
2372 4375 2567 4451 pater
2578 4377 2805 4453 amate,

313 4470 447 4534 heu
473 4468 769 4552 defensor
776 4468 1058 4552 patriae,
1085 4486 1203 4530 eur
1227 4485 1343 4530 nos
1362 4465 1598 4530 deseris
1620 4466 1794 4530 cuive
1814 4464 2113 4530 tuendam
2133 4464 2378 4550 plebem
2394 4468 2807 4553 patriamque

387 4648 761 4717 4—¹leg·ali
789 4650 989 4703 Wo.—
1012 4646 1412 4715 ’proturbatos
1440 4648 1557 4708 Wo.

388 4732 708 4788 5.—¹om.
743 4732 856 4785 Wo.
880 4757 950 4770 -—
970 4728 997 4763 ²
1019 4729 1087 4796 (t.
1108 4729 1185 4797 g.)
1209 4745 1262 4797 g.
1284 4733 1324 4783 t.
1358 4730 1474 4786 Wo.

389 4811 675 4880 6.-¹(a.
699 4813 756 4866 in
776 4810 1077 4880 p.)inp.a.
1105 4813 1219 4865 Wo.
1243 4810 1479 4880 —2que
1501 4828 1603 4866 om.
1637 4813 1750 4865 Wo.

390 4895 587 4951 ''z—¹
607 4894 832 4950 videbat
862 4896 954 4949 W
973 4901 1097 4949 aute
1117 4910 1300 4961 corr„-
1337 4892 1659 4962 providebat
1689 4894 1779 4949 Wi
1807 4909 1955 4948 corr.
1991 4910 2137 4948 man.
2160 4911 2258 4964 pr.
2287 4924 2354 4935 -
2374 4894 2401 4929 ²
2422 4894 2568 4950 diem
2597 4898 2710 4958 wo.
2740 4926 2809 4937 —

319 4977 890 5034 ‘accedet—‘hen
914 4978 1046 5032 aad.
1084 4977 1201 5034 Wo.

2918 1409 3057 1463 Enn.
3070 1407 3183 1462 182

2877 1606 2959 1660 cf.
2983 1606 3124 1661 Enn-
3141 1607 3227 1662 53.

2919 3585 3180 3641 Enmss.

2919 3896 3052 3950 Enn.
3067 3896 3177 3951 191.
