<?xml version="1.0" encoding="UTF-8"?>
<!DOCTYPE html PUBLIC "-//W3C//DTD XHTML 1.0 Transitional//EN"
    "http://www.w3.org/TR/xhtml1/DTD/xhtml1-transitional.dtd">
<html xmlns="http://www.w3.org/1999/xhtml" xml:lang="en" lang="en">
 <head>
  <title>
</title>
<meta http-equiv="Content-Type" content="text/html;charset=utf-8" />
  <meta name='ocr-system' content='tesseract 3.04.00' />
  <meta name='ocr-capabilities' content='ocr_page ocr_carea ocr_par ocr_line ocrx_word'/>
</head>
<body>
  <div class='ocr_page' id='page_1' title='image "analectabolland01bollgoog_0204.png"; bbox 0 0 3487 5450; ppageno 0'>
   <div class='ocr_carea' id='block_1_1' title="bbox 681 602 2572 675">
    <p class='ocr_par' dir='ltr' id='par_1_1' title="bbox 681 602 2572 675">
     <span class='ocr_line' id='line_1_1' title="bbox 681 602 2572 675; baseline -0.003 -1"><span class='ocrx_word' id='word_1_1' title='bbox 681 602 822 675; x_wconf 76' lang='lat'>194·</span> <span class='ocrx_word' id='word_1_2' title='bbox 1228 620 1315 672; x_wconf 83' lang='lat' dir='ltr'><strong>DE</strong></span> <span class='ocrx_word' id='word_1_3' title='bbox 1369 619 1611 672; x_wconf 75' lang='lat' dir='ltr'>MAGNO</span> <span class='ocrx_word' id='word_1_4' title='bbox 1664 618 2108 671; x_wconf 72' lang='lat' dir='ltr'>LEGENDARIO</span> <span class='ocrx_word' id='word_1_5' title='bbox 2159 617 2572 670; x_wconf 75' lang='lat' dir='ltr'><strong>AUSTRIACO.</strong></span> 
     </span>
    </p>
   </div>
   <div class='ocr_carea' id='block_1_2' title="bbox 596 807 3260 4768">
    <p class='ocr_par' dir='ltr' id='par_1_2' title="bbox 596 807 3248 3459">
     <span class='ocr_line' id='line_1_2' title="bbox 754 807 3134 892; baseline -0.001 -15"><span class='ocrx_word' id='word_1_6' title='bbox 754 820 821 877; x_wconf 82' lang='lat'><strong>5.</strong></span> <span class='ocrx_word' id='word_1_7' title='bbox 865 809 1156 892; x_wconf 91' lang='lat' dir='ltr'><strong>Denique</strong></span> <span class='ocrx_word' id='word_1_8' title='bbox 1184 809 1332 873; x_wconf 87' lang='lat' dir='ltr'><strong>ubi¹</strong></span> <span class='ocrx_word' id='word_1_9' title='bbox 1363 807 1767 873; x_wconf 85' lang='lat' dir='ltr'><strong>felicissimus</strong></span> <span class='ocrx_word' id='word_1_10' title='bbox 1797 808 2102 873; x_wconf 82' lang='lat' dir='ltr'>sacerdos</span> <span class='ocrx_word' id='word_1_11' title='bbox 2133 808 2412 873; x_wconf 77' lang='lat' dir='ltr'><strong>Christi2</strong></span> <span class='ocrx_word' id='word_1_12' title='bbox 2439 808 2740 873; x_wconf 84' lang='lat' dir='ltr'><strong>Aurelius</strong></span> <span class='ocrx_word' id='word_1_13' title='bbox 2777 809 3134 875; x_wconf 88' lang='lat' dir='ltr'><strong>adventum</strong></span> 
     </span>
     <span class='ocr_line' id='line_1_3' title="bbox 674 907 3136 990; baseline 0 -16"><span class='ocrx_word' id='word_1_14' title='bbox 674 910 792 976; x_wconf 95' lang='lat' dir='ltr'><strong>Dei</strong></span> <span class='ocrx_word' id='word_1_15' title='bbox 820 910 1041 975; x_wconf 85' lang='lat' dir='ltr'><strong>famuli</strong></span> <span class='ocrx_word' id='word_1_16' title='bbox 1072 908 1259 973; x_wconf 78' lang='lat' dir='ltr'><strong>illuc⁸</strong></span> <span class='ocrx_word' id='word_1_17' title='bbox 1289 907 1702 973; x_wconf 88' lang='lat' dir='ltr'><strong>adventantis</strong></span> <span class='ocrx_word' id='word_1_18' title='bbox 1748 908 2013 986; x_wconf 87' lang='lat' dir='ltr'><strong>audivit,</strong></span> <span class='ocrx_word' id='word_1_19' title='bbox 2055 928 2208 973; x_wconf 89' lang='lat' dir='ltr'><strong>mox</strong></span> <span class='ocrx_word' id='word_1_20' title='bbox 2252 907 2339 972; x_wconf 93' lang='lat' dir='ltr'><strong>ad</strong></span> <span class='ocrx_word' id='word_1_21' title='bbox 2368 908 2546 973; x_wconf 91' lang='lat' dir='ltr'><strong>illum</strong></span> <span class='ocrx_word' id='word_1_22' title='bbox 2579 910 2789 990; x_wconf 83' lang='lat' dir='ltr'><strong>gratia</strong></span> <span class='ocrx_word' id='word_1_23' title='bbox 2830 908 3136 975; x_wconf 85' lang='lat' dir='ltr'><strong>visitandi</strong></span> 
     </span>
     <span class='ocr_line' id='line_1_4' title="bbox 673 1004 3135 1088; baseline -0 -15"><span class='ocrx_word' id='word_1_24' title='bbox 673 1027 933 1073; x_wconf 88' lang='lat' dir='ltr'><strong>summa</strong></span> <span class='ocrx_word' id='word_1_25' title='bbox 975 1006 1309 1071; x_wconf 81' lang='lat' dir='ltr'><strong>alacritate</strong></span> <span class='ocrx_word' id='word_1_26' title='bbox 1350 1005 1747 1087; x_wconf 88' lang='lat' dir='ltr'><strong>properavit.</strong></span> <span class='ocrx_word' id='word_1_27' title='bbox 1807 1004 2102 1088; x_wconf 83' lang='lat' dir='ltr'>Cumque</span> <span class='ocrx_word' id='word_1_28' title='bbox 2130 1025 2200 1071; x_wconf 89' lang='lat' dir='ltr'><strong>se</strong></span> <span class='ocrx_word' id='word_1_29' title='bbox 2250 1006 2519 1071; x_wconf 86' lang='lat' dir='ltr'><strong>invicem</strong></span> <span class='ocrx_word' id='word_1_30' title='bbox 2567 1006 2852 1072; x_wconf 76' lang='lat' dir='ltr'><strong>athletae</strong></span> <span class='ocrx_word' id='word_1_31' title='bbox 2896 1006 3135 1072; x_wconf 67' lang='lat' dir='ltr'><strong>Clu-isti</strong></span> 
     </span>
     <span class='ocr_line' id='line_1_5' title="bbox 670 1104 3134 1189; baseline 0 -17"><span class='ocrx_word' id='word_1_32' title='bbox 670 1106 1053 1172; x_wconf 85' lang='lat' dir='ltr'>dulcissimis</span> <span class='ocrx_word' id='word_1_33' title='bbox 1065 1106 1237 1171; x_wconf 86' lang='lat' dir='ltr'><strong>vitae</strong></span> <span class='ocrx_word' id='word_1_34' title='bbox 1265 1104 1594 1187; x_wconf 81' lang='lat' dir='ltr'>colloquiis</span> <span class='ocrx_word' id='word_1_35' title='bbox 1617 1104 1904 1169; x_wconf 89' lang='lat' dir='ltr'><strong>salutare</strong></span> <span class='ocrx_word' id='word_1_36' title='bbox 1927 1105 2312 1188; x_wconf 89' lang='lat' dir='ltr'><strong>coepissent,</strong></span> <span class='ocrx_word' id='word_1_37' title='bbox 2325 1105 2493 1170; x_wconf 90' lang='lat' dir='ltr'><strong>inter</strong></span> <span class='ocrx_word' id='word_1_38' title='bbox 2515 1106 2855 1189; x_wconf 89' lang='lat' dir='ltr'><strong>amplexus</strong></span> <span class='ocrx_word' id='word_1_39' title='bbox 2869 1112 3134 1172; x_wconf 90' lang='lat' dir='ltr'><strong>mutuos</strong></span> 
     </span>
     <span class='ocr_line' id='line_1_6' title="bbox 668 1204 3206 1290; baseline 0 -18"><span class='ocrx_word' id='word_1_40' title='bbox 668 1227 828 1290; x_wconf 90' lang='lat' dir='ltr'><strong>prae</strong></span> <span class='ocrx_word' id='word_1_41' title='bbox 857 1206 1092 1289; x_wconf 90' lang='lat' dir='ltr'><strong>gaudio</strong></span> <span class='ocrx_word' id='word_1_42' title='bbox 1115 1205 1343 1269; x_wconf 89' lang='lat' dir='ltr'><strong>fletum</strong></span> <span class='ocrx_word' id='word_1_43' title='bbox 1372 1204 1701 1268; x_wconf 87' lang='lat' dir='ltr'><strong>continere</strong></span> <span class='ocrx_word' id='word_1_44' title='bbox 1730 1204 2181 1287; x_wconf 89' lang='lat' dir='ltr'><strong>nequiverunt.</strong></span> <span class='ocrx_word' id='word_1_45' title='bbox 2210 1204 2364 1270; x_wconf 87' lang='lat' dir='ltr'><strong>Erat</strong></span> <span class='ocrx_word' id='word_1_46' title='bbox 2390 1205 2562 1270; x_wconf 89' lang='lat' dir='ltr'><strong>enim</strong></span> <span class='ocrx_word' id='word_1_47' title='bbox 2584 1205 2761 1271; x_wconf 90' lang='lat' dir='ltr'><strong>idem</strong></span> <span class='ocrx_word' id='word_1_48' title='bbox 2787 1206 2885 1271; x_wconf 89' lang='lat' dir='ltr'><strong>vir</strong></span> <span class='ocrx_word' id='word_1_49' title='bbox 2927 1207 3136 1272; x_wconf 88' lang='lat' dir='ltr'><strong>Aure-</strong></span> <span class='ocrx_word' id='word_1_50' title='bbox 3170 1222 3206 1271; x_wconf 74' lang='lat'><strong>5</strong></span> 
     </span>
     <span class='ocr_line' id='line_1_7' title="bbox 667 1303 3134 1387; baseline 0 -17"><span class='ocrx_word' id='word_1_51' title='bbox 667 1306 791 1370; x_wconf 92' lang='lat' dir='ltr'><strong>lius</strong></span> <span class='ocrx_word' id='word_1_52' title='bbox 815 1305 1084 1371; x_wconf 89' lang='lat' dir='ltr'><strong>scientia</strong></span> <span class='ocrx_word' id='word_1_53' title='bbox 1126 1304 1492 1369; x_wconf 85' lang='lat' dir='ltr'><strong>divinarum</strong></span> <span class='ocrx_word' id='word_1_54' title='bbox 1536 1303 2004 1385; x_wconf 89' lang='lat' dir='ltr'><strong>scripturarum</strong></span> <span class='ocrx_word' id='word_1_55' title='bbox 2047 1304 2138 1368; x_wconf 87' lang='lat' dir='ltr'><strong>ita</strong></span> <span class='ocrx_word' id='word_1_56' title='bbox 2168 1304 2598 1387; x_wconf 79' lang='lat' dir='ltr'><strong>integerrime,</strong></span> <span class='ocrx_word' id='word_1_57' title='bbox 2630 1305 2869 1370; x_wconf 83' lang='lat' dir='ltr'>Christi</span> <span class='ocrx_word' id='word_1_58' title='bbox 2909 1325 3134 1371; x_wconf 87' lang='lat' dir='ltr'><strong>conce·</strong></span> 
     </span>
     <span class='ocr_line' id='line_1_8' title="bbox 671 1401 3135 1488; baseline 0 -18"><span class='ocrx_word' id='word_1_59' title='bbox 671 1405 868 1470; x_wconf 89' lang='lat' dir='ltr'><strong>dente</strong></span> <span class='ocrx_word' id='word_1_60' title='bbox 897 1404 1125 1488; x_wconf 90' lang='lat' dir='ltr'><strong>gratia,</strong></span> <span class='ocrx_word' id='word_1_61' title='bbox 1156 1403 1461 1486; x_wconf 78' lang='lat' dir='ltr'><strong>repletuS,</strong></span> <span class='ocrx_word' id='word_1_62' title='bbox 1492 1406 1808 1485; x_wconf 87' lang='lat' dir='ltr'><strong>scutoque</strong></span> <span class='ocrx_word' id='word_1_63' title='bbox 1837 1401 1986 1467; x_wconf 87' lang='lat' dir='ltr'><strong>fidei</strong></span> <span class='ocrx_word' id='word_1_64' title='bbox 2039 1402 2430 1469; x_wconf 85' lang='lat' dir='ltr'><strong>christianae</strong></span> <span class='ocrx_word' id='word_1_65' title='bbox 2470 1404 2785 1488; x_wconf 85' lang='lat' dir='ltr'><strong>galeaque</strong></span> <span class='ocrx_word' id='word_1_66' title='bbox 2814 1406 2952 1488; x_wconf 90' lang='lat' dir='ltr'><strong>spei</strong></span> <span class='ocrx_word' id='word_1_67' title='bbox 2995 1410 3135 1470; x_wconf 90' lang='lat' dir='ltr'><strong>tam</strong></span> 
     </span>
     <span class='ocr_line' id='line_1_9' title="bbox 669 1501 3135 1586; baseline 0 -17"><span class='ocrx_word' id='word_1_68' title='bbox 669 1504 820 1570; x_wconf 89' lang='lat' dir='ltr'><strong>forti</strong></span> <span class='ocrx_word' id='word_1_69' title='bbox 856 1507 1065 1570; x_wconf 89' lang='lat' dir='ltr'><strong>tectus</strong></span> <span class='ocrx_word' id='word_1_70' title='bbox 1095 1502 1470 1579; x_wconf 85' lang='lat' dir='ltr'><strong>munimine,</strong></span> <span class='ocrx_word' id='word_1_71' title='bbox 1512 1504 1587 1566; x_wconf 91' lang='lat' dir='ltr'><strong>ut</strong></span> <span class='ocrx_word' id='word_1_72' title='bbox 1615 1501 1862 1566; x_wconf 80' lang='lat' dir='ltr'><strong>nullu‘m</strong></span> <span class='ocrx_word' id='word_1_73' title='bbox 1885 1502 2148 1568; x_wconf 91' lang='lat' dir='ltr'><strong>omnino</strong></span> <span class='ocrx_word' id='word_1_74' title='bbox 2178 1502 2467 1568; x_wconf 85' lang='lat' dir='ltr'><strong>aditum⁴</strong></span> <span class='ocrx_word' id='word_1_75' title='bbox 2494 1503 2661 1586; x_wconf 90' lang='lat' dir='ltr'><strong>lupis</strong></span> <span class='ocrx_word' id='word_1_76' title='bbox 2681 1504 3135 1570; x_wconf 86' lang='lat' dir='ltr'><strong>insidiantibus</strong></span> 
     </span>
     <span class='ocr_line' id='line_1_10' title="bbox 672 1601 3134 1687; baseline -0 -16"><span class='ocrx_word' id='word_1_77' title='bbox 672 1604 1040 1687; x_wconf 83' lang='lat' dir='ltr'><strong>Christique</strong></span> <span class='ocrx_word' id='word_1_78' title='bbox 1075 1603 1240 1667; x_wconf 89' lang='lat' dir='ltr'><strong>ovile</strong></span> <span class='ocrx_word' id='word_1_79' title='bbox 1274 1601 1596 1685; x_wconf 89' lang='lat' dir='ltr'><strong>praedare</strong></span> <span class='ocrx_word' id='word_1_80' title='bbox 1639 1602 2048 1684; x_wconf 90' lang='lat' dir='ltr'><strong>cupientibus</strong></span> <span class='ocrx_word' id='word_1_81' title='bbox 2076 1603 2422 1685; x_wconf 87' lang='lat' dir='ltr'><strong>praeberet</strong></span> <span class='ocrx_word' id='word_1_82' title='bbox 2452 1622 2806 1683; x_wconf 88' lang='lat' dir='ltr'><strong>accessum,</strong></span> <span class='ocrx_word' id='word_1_83' title='bbox 2837 1605 3134 1686; x_wconf 89' lang='lat' dir='ltr'><strong>quamvis</strong></span> 
     </span>
     <span class='ocr_line' id='line_1_11' title="bbox 674 1701 3238 1770; baseline -0 0"><span class='ocrx_word' id='word_1_84' title='bbox 674 1708 829 1770; x_wconf 86' lang='lat' dir='ltr'><strong>tunc</strong></span> <span class='ocrx_word' id='word_1_85' title='bbox 853 1703 957 1768; x_wconf 90' lang='lat' dir='ltr'><strong>vel</strong></span> <span class='ocrx_word' id='word_1_86' title='bbox 979 1702 1268 1767; x_wconf 88' lang='lat' dir='ltr'><strong>maxima</strong></span> <span class='ocrx_word' id='word_1_87' title='bbox 1292 1702 1721 1766; x_wconf 88' lang='lat' dir='ltr'><strong>Arrianorum</strong></span> <span class='ocrx_word' id='word_1_88' title='bbox 1752 1701 2027 1767; x_wconf 83' lang='lat' dir='ltr'><strong>ferveret</strong></span> <span class='ocrx_word' id='word_1_89' title='bbox 2057 1702 2286 1767; x_wconf 88' lang='lat' dir='ltr'><strong>insana</strong></span> <span class='ocrx_word' id='word_1_90' title='bbox 2317 1702 2683 1768; x_wconf 87' lang='lat' dir='ltr'><strong>crudelitas.</strong></span> <span class='ocrx_word' id='word_1_91' title='bbox 2712 1703 2844 1769; x_wconf 91' lang='lat' dir='ltr'><strong>Sed</strong></span> <span class='ocrx_word' id='word_1_92' title='bbox 2874 1704 3030 1769; x_wconf 91' lang='lat' dir='ltr'><strong>nihil</strong></span> <span class='ocrx_word' id='word_1_93' title='bbox 3067 1705 3134 1769; x_wconf 93' lang='lat' dir='ltr'><strong>in</strong></span> <span class='ocrx_word' id='word_1_94' title='bbox 3172 1715 3238 1769; x_wconf 75' lang='lat' dir='ltr'><strong><em>w</em></strong></span> 
     </span>
     <span class='ocr_line' id='line_1_12' title="bbox 660 1800 3134 1887; baseline 0 -18"><span class='ocrx_word' id='word_1_95' title='bbox 660 1807 899 1869; x_wconf 85' lang='lat' dir='ltr'><strong>sancto</strong></span> <span class='ocrx_word' id='word_1_96' title='bbox 928 1802 1066 1867; x_wconf 91' lang='lat' dir='ltr'><strong>viro</strong></span> <span class='ocrx_word' id='word_1_97' title='bbox 1093 1800 1458 1884; x_wconf 86' lang='lat' dir='ltr'><strong>praevaluit</strong></span> <span class='ocrx_word' id='word_1_98' title='bbox 1486 1801 1781 1883; x_wconf 90' lang='lat' dir='ltr'><strong>perversi</strong></span> <span class='ocrx_word' id='word_1_99' title='bbox 1802 1800 2123 1884; x_wconf 85' lang='lat' dir='ltr'><strong>dogmatis</strong></span> <span class='ocrx_word' id='word_1_100' title='bbox 2152 1802 2480 1881; x_wconf 87' lang='lat' dir='ltr'><strong>fortitud0,</strong></span> <span class='ocrx_word' id='word_1_101' title='bbox 2511 1804 2663 1886; x_wconf 87' lang='lat' dir='ltr'><strong>quia</strong></span> <span class='ocrx_word' id='word_1_102' title='bbox 2684 1803 2902 1879; x_wconf 86' lang='lat' dir='ltr'><strong>fidem,</strong></span> <span class='ocrx_word' id='word_1_103' title='bbox 2933 1823 3134 1887; x_wconf 90' lang='lat' dir='ltr'><strong>quam</strong></span> 
     </span>
     <span class='ocr_line' id='line_1_13' title="bbox 672 1899 3131 1985; baseline -0 -17"><span class='ocrx_word' id='word_1_104' title='bbox 672 1902 879 1968; x_wconf 89' lang='lat' dir='ltr'><strong>sancti</strong></span> <span class='ocrx_word' id='word_1_105' title='bbox 908 1906 1131 1985; x_wconf 90' lang='lat' dir='ltr'><strong>patres</strong></span> <span class='ocrx_word' id='word_1_106' title='bbox 1182 1899 1476 1965; x_wconf 84' lang='lat' dir='ltr'><strong>catholici</strong></span> <span class='ocrx_word' id='word_1_107' title='bbox 1506 1899 1573 1964; x_wconf 91' lang='lat' dir='ltr'><strong>in</strong></span> <span class='ocrx_word' id='word_1_108' title='bbox 1616 1900 2097 1983; x_wconf 89' lang='lat' dir='ltr'><strong>religiosissimo</strong></span> <span class='ocrx_word' id='word_1_109' title='bbox 2127 1907 2503 1967; x_wconf 68' lang='lat' dir='ltr'><strong>sanxerunt⁴</strong></span> <span class='ocrx_word' id='word_1_110' title='bbox 2535 1901 2800 1967; x_wconf 88' lang='lat' dir='ltr'><strong>concilio</strong></span> <span class='ocrx_word' id='word_1_111' title='bbox 2827 1901 3131 1982; x_wconf 92' lang='lat' dir='ltr'><strong>Nicaen0,</strong></span> 
     </span>
     <span class='ocr_line' id='line_1_14' title="bbox 671 1997 3135 2087; baseline -0 -20"><span class='ocrx_word' id='word_1_112' title='bbox 671 2000 1107 2068; x_wconf 86' lang='lat' dir='ltr'><strong>inviolabilem</strong></span> <span class='ocrx_word' id='word_1_113' title='bbox 1135 1999 1481 2082; x_wconf 86' lang='lat' dir='ltr'><strong>purissimo</strong></span> <span class='ocrx_word' id='word_1_114' title='bbox 1510 1997 1944 2064; x_wconf 75' lang='lat' dir='ltr'><strong>conservabat</strong></span> <span class='ocrx_word' id='word_1_115' title='bbox 1965 1999 2030 2063; x_wconf 91' lang='lat' dir='ltr'><strong>in</strong></span> <span class='ocrx_word' id='word_1_116' title='bbox 2052 2004 2724 2087; x_wconf 8' lang='lat' dir='ltr'><strong>pectore,yomnesque</strong></span> <span class='ocrx_word' id='word_1_117' title='bbox 2735 2002 2779 2080; x_wconf 61' lang='grc' dir='ltr'><strong>ὅ,</strong></span> <span class='ocrx_word' id='word_1_118' title='bbox 2803 2020 2965 2084; x_wconf 95' lang='lat' dir='ltr'><strong>quos</strong></span> <span class='ocrx_word' id='word_1_119' title='bbox 2987 2021 3135 2084; x_wconf 91' lang='lat' dir='ltr'><strong>rep-</strong></span> 
     </span>
     <span class='ocr_line' id='line_1_15' title="bbox 669 2098 3136 2186; baseline -0.001 -18"><span class='ocrx_word' id='word_1_120' title='bbox 669 2103 840 2186; x_wconf 91' lang='lat' dir='ltr'><strong>perit</strong></span> <span class='ocrx_word' id='word_1_121' title='bbox 860 2119 1062 2165; x_wconf 90' lang='lat' dir='ltr'><strong>sanae</strong></span> <span class='ocrx_word' id='word_1_122' title='bbox 1091 2098 1425 2173; x_wconf 88' lang='lat' dir='ltr'><strong>doctrinae</strong></span> <span class='ocrx_word' id='word_1_123' title='bbox 1452 2098 1582 2162; x_wconf 93' lang='lat' dir='ltr'><strong>ullo</strong></span> <span class='ocrx_word' id='word_1_124' title='bbox 1605 2098 1802 2163; x_wconf 92' lang='lat' dir='ltr'><strong>modo</strong></span> <span class='ocrx_word' id='word_1_125' title='bbox 1833 2098 2190 2164; x_wconf 88' lang='lat' dir='ltr'><strong>contrarios</strong></span> <span class='ocrx_word' id='word_1_126' title='bbox 2219 2098 2549 2177; x_wconf 85' lang='lat' dir='ltr'><strong>exsistere,</strong></span> <span class='ocrx_word' id='word_1_127' title='bbox 2581 2101 2940 2166; x_wconf 90' lang='lat' dir='ltr'><strong>assertione</strong></span> <span class='ocrx_word' id='word_1_128' title='bbox 2966 2100 3136 2165; x_wconf 88' lang='lat' dir='ltr'><strong>veri-</strong></span> 
     </span>
     <span class='ocr_line' id='line_1_16' title="bbox 670 2196 3242 2282; baseline 0 -16"><span class='ocrx_word' id='word_1_129' title='bbox 670 2201 824 2266; x_wconf 88' lang='lat' dir='ltr'><strong>tatis</strong></span> <span class='ocrx_word' id='word_1_130' title='bbox 846 2199 1219 2264; x_wconf 86' lang='lat' dir='ltr'><strong>firmissima</strong></span> <span class='ocrx_word' id='word_1_131' title='bbox 1241 2198 1758 2279; x_wconf 85' lang='lat' dir='ltr'><strong>auctoritateque</strong></span> <span class='ocrx_word' id='word_1_132' title='bbox 1774 2196 2177 2281; x_wconf 90' lang='lat' dir='ltr'><strong>eloquiorum</strong></span> <span class='ocrx_word' id='word_1_133' title='bbox 2190 2198 2554 2263; x_wconf 88' lang='lat' dir='ltr'><strong>divinorum</strong></span> <span class='ocrx_word' id='word_1_134' title='bbox 2575 2199 2913 2282; x_wconf 88' lang='lat' dir='ltr'><strong>utriusque</strong></span> <span class='ocrx_word' id='word_1_135' title='bbox 2934 2203 3138 2265; x_wconf 88' lang='lat' dir='ltr'><strong>testa·</strong></span> <span class='ocrx_word' id='word_1_136' title='bbox 3174 2218 3242 2269; x_wconf 74' lang='grc' dir='ltr'><strong>4ο</strong></span> 
     </span>
     <span class='ocr_line' id='line_1_17' title="bbox 668 2296 3132 2382; baseline -0.001 -17"><span class='ocrx_word' id='word_1_137' title='bbox 668 2300 872 2366; x_wconf 92' lang='lat' dir='ltr'><strong>menti</strong></span> <span class='ocrx_word' id='word_1_138' title='bbox 892 2298 1145 2382; x_wconf 82' lang='lat' dir='ltr'><strong>paginis</strong></span> <span class='ocrx_word' id='word_1_139' title='bbox 1167 2301 1432 2380; x_wconf 87' lang='lat' dir='ltr'><strong>sumpta</strong></span> <span class='ocrx_word' id='word_1_140' title='bbox 1451 2296 1828 2379; x_wconf 90' lang='lat' dir='ltr'><strong>plenissima</strong></span> <span class='ocrx_word' id='word_1_141' title='bbox 1852 2297 2101 2361; x_wconf 89' lang='lat' dir='ltr'><strong>ratione</strong></span> <span class='ocrx_word' id='word_1_142' title='bbox 2115 2297 2216 2361; x_wconf 85' lang='lat' dir='ltr'><strong>vel</strong></span> <span class='ocrx_word' id='word_1_143' title='bbox 2237 2298 2493 2362; x_wconf 86' lang='lat' dir='ltr'><strong>vincere</strong></span> <span class='ocrx_word' id='word_1_144' title='bbox 2512 2298 2792 2374; x_wconf 88' lang='lat' dir='ltr'><strong>studuit;</strong></span> <span class='ocrx_word' id='word_1_145' title='bbox 2813 2298 3132 2381; x_wconf 82' lang='lat' dir='ltr'><strong>poenam⁶</strong></span> 
     </span>
     <span class='ocr_line' id='line_1_18' title="bbox 668 2395 3132 2481; baseline -0 -18"><span class='ocrx_word' id='word_1_146' title='bbox 668 2397 1083 2463; x_wconf 89' lang='lat' dir='ltr'><strong>nihilominus</strong></span> <span class='ocrx_word' id='word_1_147' title='bbox 1106 2396 1442 2480; x_wconf 91' lang='lat' dir='ltr'><strong>gehennae</strong></span> <span class='ocrx_word' id='word_1_148' title='bbox 1473 2395 1950 2460; x_wconf 90' lang='lat' dir='ltr'><strong>atrocissimam</strong></span> <span class='ocrx_word' id='word_1_149' title='bbox 1980 2401 2350 2461; x_wconf 89' lang='lat' dir='ltr'><strong>secuturam</strong></span> <span class='ocrx_word' id='word_1_150' title='bbox 2379 2396 2446 2460; x_wconf 91' lang='lat' dir='ltr'><strong>in</strong></span> <span class='ocrx_word' id='word_1_151' title='bbox 2476 2397 2652 2461; x_wconf 78' lang='lat' dir='ltr'><strong>tam⁷</strong></span> <span class='ocrx_word' id='word_1_152' title='bbox 2680 2416 2886 2481; x_wconf 89' lang='lat' dir='ltr'><strong>prava</strong></span> <span class='ocrx_word' id='word_1_153' title='bbox 2932 2398 3132 2463; x_wconf 88' lang='lat' dir='ltr'><strong>obsti-</strong></span> 
     </span>
     <span class='ocr_line' id='line_1_19' title="bbox 670 2494 3132 2579; baseline -0 -16"><span class='ocrx_word' id='word_1_154' title='bbox 670 2499 935 2564; x_wconf 87' lang='lat' dir='ltr'><strong>natione</strong></span> <span class='ocrx_word' id='word_1_155' title='bbox 990 2495 1492 2579; x_wconf 88' lang='lat' dir='ltr'><strong>persistentibus</strong></span> <span class='ocrx_word' id='word_1_156' title='bbox 1544 2494 1787 2560; x_wconf 90' lang='lat' dir='ltr'><strong>crudeli</strong></span> <span class='ocrx_word' id='word_1_157' title='bbox 1844 2495 2348 2561; x_wconf 90' lang='lat' dir='ltr'><strong>comminatione</strong></span> <span class='ocrx_word' id='word_1_158' title='bbox 2391 2496 2802 2579; x_wconf 90' lang='lat' dir='ltr'><strong>promiserat.</strong></span> <span class='ocrx_word' id='word_1_159' title='bbox 2860 2496 2916 2562; x_wconf 94' lang='lat' dir='ltr'>O</span> <span class='ocrx_word' id='word_1_160' title='bbox 2964 2498 3132 2561; x_wconf 90' lang='lat' dir='ltr'><strong>mira</strong></span> 
     </span>
     <span class='ocr_line' id='line_1_20' title="bbox 668 2594 3136 2681; baseline -0 -18"><span class='ocrx_word' id='word_1_161' title='bbox 668 2601 869 2681; x_wconf 89' lang='lat' dir='ltr'><strong>atque</strong></span> <span class='ocrx_word' id='word_1_162' title='bbox 917 2595 1259 2662; x_wconf 83' lang='lat' dir='ltr'><strong>ineffabilis</strong></span> <span class='ocrx_word' id='word_1_163' title='bbox 1309 2594 1748 2678; x_wconf 81' lang='lat' dir='ltr'><strong>dispensatio⁸</strong></span> <span class='ocrx_word' id='word_1_164' title='bbox 1776 2614 2098 2677; x_wconf 87' lang='lat' dir='ltr'><strong>supernae</strong></span> <span class='ocrx_word' id='word_1_165' title='bbox 2125 2595 2407 2679; x_wconf 87' lang='lat' dir='ltr'><strong>pietatis,</strong></span> <span class='ocrx_word' id='word_1_166' title='bbox 2431 2615 2601 2679; x_wconf 87' lang='lat' dir='ltr'><strong>quae</strong></span> <span class='ocrx_word' id='word_1_167' title='bbox 2636 2596 2723 2661; x_wconf 91' lang='lat' dir='ltr'><strong>ad</strong></span> <span class='ocrx_word' id='word_1_168' title='bbox 2751 2596 3136 2662; x_wconf 82' lang='lat' dir='ltr'><strong>convincen-</strong></span> 
     </span>
     <span class='ocr_line' id='line_1_21' title="bbox 669 2694 3246 2780; baseline -0.001 -16"><span class='ocrx_word' id='word_1_169' title='bbox 669 2697 826 2764; x_wconf 90' lang='lat' dir='ltr'><strong>dam</strong></span> <span class='ocrx_word' id='word_1_170' title='bbox 856 2694 1429 2780; x_wconf 89' lang='lat' dir='ltr'><strong>superandamque</strong></span> <span class='ocrx_word' id='word_1_171' title='bbox 1457 2694 1853 2778; x_wconf 89' lang='lat' dir='ltr'><strong>pravitatem</strong></span> <span class='ocrx_word' id='word_1_172' title='bbox 1886 2713 2342 2777; x_wconf 89' lang='lat' dir='ltr'><strong>perversorum</strong></span> <span class='ocrx_word' id='word_1_173' title='bbox 2363 2696 2738 2762; x_wconf 89' lang='lat' dir='ltr'><strong>unanimem</strong></span> <span class='ocrx_word' id='word_1_174' title='bbox 2768 2715 3029 2779; x_wconf 89' lang='lat' dir='ltr'><strong>semper</strong></span> <span class='ocrx_word' id='word_1_175' title='bbox 3071 2696 3139 2762; x_wconf 93' lang='lat' dir='ltr'><strong>in</strong></span> <span class='ocrx_word' id='word_1_176' title='bbox 3175 2715 3246 2769; x_wconf 56' lang='grc' dir='ltr'><strong>πο</strong></span> 
     </span>
     <span class='ocr_line' id='line_1_22' title="bbox 596 2793 3140 2863; baseline -0 0"><span class='ocrx_word' id='word_1_177' title='bbox 596 2819 601 2824; x_wconf 87' lang='lat'><em>·</em></span> <span class='ocrx_word' id='word_1_178' title='bbox 668 2797 799 2863; x_wconf 86' lang='lat' dir='ltr'><strong>fide</strong></span> <span class='ocrx_word' id='word_1_179' title='bbox 855 2801 921 2862; x_wconf 84' lang='lat' dir='ltr'><strong>et</strong></span> <span class='ocrx_word' id='word_1_180' title='bbox 965 2795 1305 2860; x_wconf 90' lang='lat' dir='ltr'><strong>dilectione</strong></span> <span class='ocrx_word' id='word_1_181' title='bbox 1349 2793 1763 2859; x_wconf 88' lang='lat' dir='ltr'><strong>concordiam</strong></span> <span class='ocrx_word' id='word_1_182' title='bbox 1823 2796 2144 2859; x_wconf 87' lang='lat' dir='ltr'><strong>connectit</strong></span> <span class='ocrx_word' id='word_1_183' title='bbox 2193 2796 2522 2861; x_wconf 91' lang='lat' dir='ltr'><strong>mentibus</strong></span> <span class='ocrx_word' id='word_1_184' title='bbox 2567 2796 2938 2862; x_wconf 86' lang='lat' dir='ltr'><strong>electorum.</strong></span> <span class='ocrx_word' id='word_1_185' title='bbox 2993 2795 3140 2862; x_wconf 90' lang='lat' dir='ltr'><strong>Tali</strong></span> 
     </span>
     <span class='ocr_line' id='line_1_23' title="bbox 668 2893 3139 2979; baseline 0 -17"><span class='ocrx_word' id='word_1_186' title='bbox 668 2916 954 2979; x_wconf 91' lang='lat' dir='ltr'><strong>namque</strong></span> <span class='ocrx_word' id='word_1_187' title='bbox 1012 2900 1282 2978; x_wconf 86' lang='lat' dir='ltr'><strong>tamque</strong></span> <span class='ocrx_word' id='word_1_188' title='bbox 1298 2894 1326 2933; x_wconf 75' lang='lat'>³</span> <span class='ocrx_word' id='word_1_189' title='bbox 1366 2893 1762 2959; x_wconf 90' lang='lat' dir='ltr'><strong>inenodabili</strong></span> <span class='ocrx_word' id='word_1_190' title='bbox 1810 2893 2062 2958; x_wconf 86' lang='lat' dir='ltr'><strong>vinculo</strong></span> <span class='ocrx_word' id='word_1_191' title='bbox 2111 2894 2399 2960; x_wconf 89' lang='lat' dir='ltr'><strong>caritatis</strong></span> <span class='ocrx_word' id='word_1_192' title='bbox 2470 2896 2842 2962; x_wconf 90' lang='lat' dir='ltr'><strong>sacerdotes</strong></span> <span class='ocrx_word' id='word_1_193' title='bbox 2898 2896 3139 2962; x_wconf 84' lang='lat' dir='ltr'><strong>Christi</strong></span> 
     </span>
     <span class='ocr_line' id='line_1_24' title="bbox 669 2992 3141 3078; baseline 0 -17"><span class='ocrx_word' id='word_1_194' title='bbox 669 2995 1082 3062; x_wconf 89' lang='lat' dir='ltr'><strong>beatissimus</strong></span> <span class='ocrx_word' id='word_1_195' title='bbox 1104 2993 1407 3059; x_wconf 90' lang='lat' dir='ltr'><strong>Aurelius</strong></span> <span class='ocrx_word' id='word_1_196' title='bbox 1438 2997 1635 3076; x_wconf 90' lang='lat' dir='ltr'><strong>atque</strong></span> <span class='ocrx_word' id='word_1_197' title='bbox 1660 2992 2003 3076; x_wconf 82' lang='lat' dir='ltr'><strong>Dionysius</strong></span> <span class='ocrx_word' id='word_1_198' title='bbox 2044 2993 2112 3057; x_wconf 91' lang='lat' dir='ltr'><strong>in</strong></span> <span class='ocrx_word' id='word_1_199' title='bbox 2140 3013 2364 3059; x_wconf 90' lang='lat' dir='ltr'><strong>amore</strong></span> <span class='ocrx_word' id='word_1_200' title='bbox 2406 2995 2688 3078; x_wconf 88' lang='lat' dir='ltr'><strong>copulati</strong></span> <span class='ocrx_word' id='word_1_201' title='bbox 2730 2999 2879 3060; x_wconf 90' lang='lat' dir='ltr'><strong>sunt</strong></span> <span class='ocrx_word' id='word_1_202' title='bbox 2910 2995 3141 3061; x_wconf 87' lang='lat' dir='ltr'><strong>Salva-</strong></span> 
     </span>
     <span class='ocr_line' id='line_1_25' title="bbox 670 3092 3139 3179; baseline -0 -18"><span class='ocrx_word' id='word_1_203' title='bbox 670 3096 849 3172; x_wconf 84' lang='lat' dir='ltr'><strong>toriS,</strong></span> <span class='ocrx_word' id='word_1_204' title='bbox 870 3099 944 3159; x_wconf 89' lang='lat' dir='ltr'><strong>ut</strong></span> <span class='ocrx_word' id='word_1_205' title='bbox 984 3094 1052 3157; x_wconf 92' lang='lat' dir='ltr'><strong>in</strong></span> <span class='ocrx_word' id='word_1_206' title='bbox 1080 3093 1200 3158; x_wconf 91' lang='lat' dir='ltr'><strong>Dei</strong></span> <span class='ocrx_word' id='word_1_207' title='bbox 1248 3092 1551 3157; x_wconf 88' lang='lat' dir='ltr'><strong>laudibus</strong></span> <span class='ocrx_word' id='word_1_208' title='bbox 1587 3092 1976 3176; x_wconf 79' lang='lat' dir='ltr'><strong>hymnisque</strong></span> <span class='ocrx_word' id='word_1_209' title='bbox 2012 3092 2399 3157; x_wconf 88' lang='lat' dir='ltr'><strong>caelestibus</strong></span> <span class='ocrx_word' id='word_1_210' title='bbox 2434 3093 2663 3158; x_wconf 89' lang='lat' dir='ltr'><strong>diebus</strong></span> <span class='ocrx_word' id='word_1_211' title='bbox 2705 3094 3139 3179; x_wconf 77' lang='lat' dir='ltr'><strong>noctibusque</strong></span> 
     </span>
     <span class='ocr_line' id='line_1_26' title="bbox 672 3191 3248 3276; baseline 0.001 -16"><span class='ocrx_word' id='word_1_212' title='bbox 672 3192 1053 3276; x_wconf 86' lang='lat' dir='ltr'><strong>infatigabili</strong></span> <span class='ocrx_word' id='word_1_213' title='bbox 1082 3211 1274 3263; x_wconf 89' lang='lat' dir='ltr'><strong>cursu</strong></span> <span class='ocrx_word' id='word_1_214' title='bbox 1315 3191 1761 3274; x_wconf 78' lang='lat' dir='ltr'><strong>persistenteS,</strong></span> <span class='ocrx_word' id='word_1_215' title='bbox 1792 3191 2121 3256; x_wconf 89' lang='lat' dir='ltr'><strong>Christum</strong></span> <span class='ocrx_word' id='word_1_216' title='bbox 2162 3191 2230 3256; x_wconf 92' lang='lat' dir='ltr'><strong>in</strong></span> <span class='ocrx_word' id='word_1_217' title='bbox 2273 3211 2499 3257; x_wconf 89' lang='lat' dir='ltr'><strong>eorum</strong></span> <span class='ocrx_word' id='word_1_218' title='bbox 2539 3194 2915 3275; x_wconf 90' lang='lat' dir='ltr'><strong>pectoribus</strong></span> <span class='ocrx_word' id='word_1_219' title='bbox 2943 3194 3138 3259; x_wconf 87' lang='lat' dir='ltr'><strong>habi·</strong></span> <span class='ocrx_word' id='word_1_220' title='bbox 3174 3211 3248 3263; x_wconf 65' lang='grc' dir='ltr'><strong>π</strong></span> 
     </span>
     <span class='ocr_line' id='line_1_27' title="bbox 672 3289 3138 3397; baseline -0 -38"><span class='ocrx_word' id='word_1_221' title='bbox 672 3298 816 3359; x_wconf 90' lang='lat' dir='ltr'><strong>tare</strong></span> <span class='ocrx_word' id='word_1_222' title='bbox 831 3294 858 3331; x_wconf 81' lang='lat'>⁹</span> <span class='ocrx_word' id='word_1_223' title='bbox 904 3291 1479 3373; x_wconf 87' lang='lat' dir='ltr'><strong>habitaculumque</strong></span> <span class='ocrx_word' id='word_1_224' title='bbox 1520 3289 1659 3355; x_wconf 93' lang='lat' dir='ltr'><strong>illos</strong></span> <span class='ocrx_word' id='word_1_225' title='bbox 1692 3290 1972 3373; x_wconf 91' lang='lat' dir='ltr'><strong>Spiritus</strong></span> <span class='ocrx_word' id='word_1_226' title='bbox 2001 3290 2209 3356; x_wconf 87' lang='lat' dir='ltr'><strong>sancti</strong></span> <span class='ocrx_word' id='word_1_227' title='bbox 2238 3290 2562 3357; x_wconf 85' lang='lat' dir='ltr'><strong>exstitisse</strong></span> <span class='ocrx_word' id='word_1_228' title='bbox 2605 3292 2818 3357; x_wconf 92' lang='lat' dir='ltr'><strong>nullus</strong></span> <span class='ocrx_word' id='word_1_229' title='bbox 2846 3292 3138 3397; x_wconf 89' lang='lat' dir='ltr'><strong>fidelium</strong></span> 
     </span>
     <span class='ocr_line' id='line_1_28' title="bbox 670 3394 2752 3459; baseline -0.001 0"><span class='ocrx_word' id='word_1_230' title='bbox 670 3394 1020 3459; x_wconf 87' lang='lat' dir='ltr'><strong>dubitaret.</strong></span> <span class='ocrx_word' id='word_1_231' title='bbox 2745 3437 2752 3443; x_wconf 39' lang='lat'><strong><em>⁴</em></strong></span> 
     </span>
    </p>

    <p class='ocr_par' dir='ltr' id='par_1_3' title="bbox 673 3488 3254 4552">
     <span class='ocr_line' id='line_1_29' title="bbox 752 3488 3141 3574; baseline 0 -17"><span class='ocrx_word' id='word_1_232' title='bbox 752 3500 819 3558; x_wconf 83' lang='grc'><strong>6.</strong></span> <span class='ocrx_word' id='word_1_233' title='bbox 866 3492 1133 3574; x_wconf 90' lang='lat' dir='ltr'><strong>Iamque</strong></span> <span class='ocrx_word' id='word_1_234' title='bbox 1180 3490 1348 3555; x_wconf 85' lang='lat' dir='ltr'><strong>adeo</strong></span> <span class='ocrx_word' id='word_1_235' title='bbox 1388 3488 1568 3554; x_wconf 83' lang='lat' dir='ltr'><strong>fama</strong></span> <span class='ocrx_word' id='word_1_236' title='bbox 1608 3489 1866 3555; x_wconf 87' lang='lat' dir='ltr'><strong>virtutis</strong></span> <span class='ocrx_word' id='word_1_237' title='bbox 1894 3490 2239 3556; x_wconf 88' lang='lat' dir='ltr'><strong>beatorum</strong></span> <span class='ocrx_word' id='word_1_238' title='bbox 2266 3490 2645 3573; x_wconf 87' lang='lat' dir='ltr'><strong>praesulum</strong></span> <span class='ocrx_word' id='word_1_239' title='bbox 2681 3491 2931 3569; x_wconf 88' lang='lat' dir='ltr'><strong>enituit,</strong></span> <span class='ocrx_word' id='word_1_240' title='bbox 2967 3492 3089 3556; x_wconf 89' lang='lat' dir='ltr'><strong>ut</strong></span> <span class='ocrx_word' id='word_1_241' title='bbox 3071 3512 3141 3557; x_wconf 91' lang='lat' dir='ltr'><strong>1n</strong></span> 
     </span>
     <span class='ocr_line' id='line_1_30' title="bbox 674 3587 3139 3673; baseline 0 -16"><span class='ocrx_word' id='word_1_242' title='bbox 674 3591 915 3657; x_wconf 88' lang='lat' dir='ltr'><strong>virtute</strong></span> <span class='ocrx_word' id='word_1_243' title='bbox 937 3589 1181 3655; x_wconf 92' lang='lat' dir='ltr'><strong>domini</strong></span> <span class='ocrx_word' id='word_1_244' title='bbox 1207 3588 1413 3654; x_wconf 92' lang='lat' dir='ltr'><strong>nostri</strong></span> <span class='ocrx_word' id='word_1_245' title='bbox 1442 3588 1588 3653; x_wconf 91' lang='lat' dir='ltr'><strong>Iesu</strong></span> <span class='ocrx_word' id='word_1_246' title='bbox 1615 3587 1852 3655; x_wconf 89' lang='lat' dir='ltr'><strong>Christi</strong></span> <span class='ocrx_word' id='word_1_247' title='bbox 1881 3590 2174 3673; x_wconf 88' lang='lat' dir='ltr'><strong>plurimis</strong></span> <span class='ocrx_word' id='word_1_248' title='bbox 2203 3589 2476 3655; x_wconf 90' lang='lat' dir='ltr'><strong>infirmis</strong></span> <span class='ocrx_word' id='word_1_249' title='bbox 2499 3589 2823 3672; x_wconf 89' lang='lat' dir='ltr'><strong>variisque</strong></span> <span class='ocrx_word' id='word_1_250' title='bbox 2853 3590 3139 3657; x_wconf 89' lang='lat' dir='ltr'><strong>detentis</strong></span> 
     </span>
     <span class='ocr_line' id='line_1_31' title="bbox 674 3688 3251 3775; baseline 0 -18"><span class='ocrx_word' id='word_1_251' title='bbox 674 3689 1094 3774; x_wconf 88' lang='lat' dir='ltr'><strong>languoribus</strong></span> <span class='ocrx_word' id='word_1_252' title='bbox 1132 3688 1461 3754; x_wconf 90' lang='lat' dir='ltr'><strong>medelam</strong></span> <span class='ocrx_word' id='word_1_253' title='bbox 1508 3688 1821 3771; x_wconf 86' lang='lat' dir='ltr'><strong>pristinae</strong></span> <span class='ocrx_word' id='word_1_254' title='bbox 1864 3690 2231 3755; x_wconf 86' lang='lat' dir='ltr'><strong>conferrent</strong></span> <span class='ocrx_word' id='word_1_255' title='bbox 2272 3689 2588 3754; x_wconf 90' lang='lat' dir='ltr'><strong>sanitatis.</strong></span> <span class='ocrx_word' id='word_1_256' title='bbox 2631 3689 2713 3754; x_wconf 89' lang='lat' dir='ltr'><strong>Et</strong></span> <span class='ocrx_word' id='word_1_257' title='bbox 2748 3690 3141 3775; x_wconf 87' lang='lat' dir='ltr'><strong>quicumque</strong></span> <span class='ocrx_word' id='word_1_258' title='bbox 3178 3705 3251 3759; x_wconf 75' lang='lat'><strong>30</strong></span> 
     </span>
     <span class='ocr_line' id='line_1_32' title="bbox 677 3786 3139 3872; baseline -0.001 -16"><span class='ocrx_word' id='word_1_259' title='bbox 677 3791 844 3857; x_wconf 87' lang='lat' dir='ltr'><strong>sacri</strong></span> <span class='ocrx_word' id='word_1_260' title='bbox 873 3789 1159 3872; x_wconf 89' lang='lat' dir='ltr'><strong>corporis</strong></span> <span class='ocrx_word' id='word_1_261' title='bbox 1208 3787 1669 3871; x_wconf 89' lang='lat' dir='ltr'><strong>sanguinisque</strong></span> <span class='ocrx_word' id='word_1_262' title='bbox 1699 3786 1938 3854; x_wconf 87' lang='lat' dir='ltr'><strong>Christi</strong></span> <span class='ocrx_word' id='word_1_263' title='bbox 1964 3787 2219 3852; x_wconf 90' lang='lat' dir='ltr'><strong>illorum</strong></span> <span class='ocrx_word' id='word_1_264' title='bbox 2251 3788 2555 3853; x_wconf 88' lang='lat' dir='ltr'><strong>manibus</strong></span> <span class='ocrx_word' id='word_1_265' title='bbox 2576 3790 2934 3854; x_wconf 86' lang='lat' dir='ltr'><strong>consecrati</strong></span> <span class='ocrx_word' id='word_1_266' title='bbox 2962 3810 3139 3855; x_wconf 90' lang='lat' dir='ltr'><strong>com-</strong></span> 
     </span>
     <span class='ocr_line' id='line_1_33' title="bbox 676 3885 3140 3970; baseline 0 -15"><span class='ocrx_word' id='word_1_267' title='bbox 676 3889 1114 3955; x_wconf 89' lang='lat' dir='ltr'><strong>municatores</strong></span> <span class='ocrx_word' id='word_1_268' title='bbox 1145 3887 1546 3965; x_wconf 86' lang='lat' dir='ltr'><strong>exstiterant,</strong></span> <span class='ocrx_word' id='word_1_269' title='bbox 1569 3886 1750 3950; x_wconf 91' lang='lat' dir='ltr'><strong>omni</strong></span> <span class='ocrx_word' id='word_1_270' title='bbox 1779 3886 2103 3970; x_wconf 80' lang='lat' dir='ltr'><strong>deincepS,</strong></span> <span class='ocrx_word' id='word_1_271' title='bbox 2136 3906 2332 3970; x_wconf 89' lang='lat' dir='ltr'><strong>quam</strong></span> <span class='ocrx_word' id='word_1_272' title='bbox 2352 3885 2607 3969; x_wconf 89' lang='lat' dir='ltr'><strong>pridem</strong></span> <span class='ocrx_word' id='word_1_273' title='bbox 2636 3887 2894 3953; x_wconf 90' lang='lat' dir='ltr'><strong>sibimet</strong></span> <span class='ocrx_word' id='word_1_274' title='bbox 2923 3888 3140 3954; x_wconf 89' lang='lat' dir='ltr'><strong>inesse</strong></span> 
     </span>
     <span class='ocr_line' id='line_1_34' title="bbox 678 3985 3142 4070; baseline -0 -15"><span class='ocrx_word' id='word_1_275' title='bbox 678 3988 1067 4065; x_wconf 88' lang='lat' dir='ltr'><strong>sentiebant,</strong></span> <span class='ocrx_word' id='word_1_276' title='bbox 1090 3986 1463 4051; x_wconf 87' lang='lat' dir='ltr'><strong>infirmitate</strong></span> <span class='ocrx_word' id='word_1_277' title='bbox 1508 3985 1842 4050; x_wconf 90' lang='lat' dir='ltr'><strong>carebant.</strong></span> <span class='ocrx_word' id='word_1_278' title='bbox 1872 3986 2164 4069; x_wconf 91' lang='lat' dir='ltr'><strong>Denique</strong></span> <span class='ocrx_word' id='word_1_279' title='bbox 2191 3989 2331 4051; x_wconf 88' lang='lat' dir='ltr'><strong>tam</strong></span> <span class='ocrx_word' id='word_1_280' title='bbox 2351 3985 2530 4050; x_wconf 92' lang='lat' dir='ltr'><strong>miris</strong></span> <span class='ocrx_word' id='word_1_281' title='bbox 2560 3990 2827 4070; x_wconf 91' lang='lat' dir='ltr'><strong>tamque</strong></span> <span class='ocrx_word' id='word_1_282' title='bbox 2846 3988 3142 4069; x_wconf 88' lang='lat' dir='ltr'><strong>praecla-</strong></span> 
     </span>
     <span class='ocr_line' id='line_1_35' title="bbox 678 4084 3141 4173; baseline -0.001 -18"><span class='ocrx_word' id='word_1_283' title='bbox 678 4090 767 4155; x_wconf 89' lang='lat' dir='ltr'><strong>ris</strong></span> <span class='ocrx_word' id='word_1_284' title='bbox 795 4108 915 4173; x_wconf 90' lang='lat' dir='ltr'><strong>per</strong></span> <span class='ocrx_word' id='word_1_285' title='bbox 937 4086 1274 4170; x_wconf 88' lang='lat' dir='ltr'><strong>aliquanta</strong></span> <span class='ocrx_word' id='word_1_286' title='bbox 1314 4097 1651 4150; x_wconf 78' lang='lat' dir='ltr'><strong>annorum·</strong></span> <span class='ocrx_word' id='word_1_287' title='bbox 1679 4084 1994 4151; x_wconf 89' lang='lat' dir='ltr'><strong>curricula</strong></span> <span class='ocrx_word' id='word_1_288' title='bbox 2022 4085 2255 4150; x_wconf 84' lang='lat' dir='ltr'><strong>fulsere</strong></span> <span class='ocrx_word' id='word_1_289' title='bbox 2283 4085 2630 4165; x_wconf 78' lang='lat' dir='ltr'><strong>miraculiS,</strong></span> <span class='ocrx_word' id='word_1_290' title='bbox 2650 4089 2726 4151; x_wconf 92' lang='lat' dir='ltr'><strong>ut</strong></span> <span class='ocrx_word' id='word_1_291' title='bbox 2747 4104 2976 4151; x_wconf 90' lang='lat' dir='ltr'><strong>omnes</strong></span> <span class='ocrx_word' id='word_1_292' title='bbox 3020 4088 3141 4152; x_wconf 92' lang='lat' dir='ltr'><strong>cir-</strong></span> 
     </span>
     <span class='ocr_line' id='line_1_36' title="bbox 677 4184 3254 4271; baseline -0.001 -16"><span class='ocrx_word' id='word_1_293' title='bbox 677 4205 1088 4271; x_wconf 90' lang='lat' dir='ltr'><strong>cumquaque</strong></span> <span class='ocrx_word' id='word_1_294' title='bbox 1143 4184 1514 4269; x_wconf 88' lang='lat' dir='ltr'><strong>provinciae</strong></span> <span class='ocrx_word' id='word_1_295' title='bbox 1577 4203 1959 4250; x_wconf 87' lang='lat' dir='ltr'><strong>concurrere</strong></span> <span class='ocrx_word' id='word_1_296' title='bbox 2010 4185 2389 4250; x_wconf 89' lang='lat' dir='ltr'><strong>festinarent</strong></span> <span class='ocrx_word' id='word_1_297' title='bbox 2446 4189 2645 4268; x_wconf 89' lang='lat' dir='ltr'><strong>atque</strong></span> <span class='ocrx_word' id='word_1_298' title='bbox 2699 4185 2766 4249; x_wconf 94' lang='lat' dir='ltr'><strong>in</strong></span> <span class='ocrx_word' id='word_1_299' title='bbox 2834 4185 3137 4252; x_wconf 88' lang='lat' dir='ltr'><strong>laudibus</strong></span> <span class='ocrx_word' id='word_1_300' title='bbox 3176 4199 3254 4253; x_wconf 67' lang='lat'><strong>35</strong></span> 
     </span>
     <span class='ocr_line' id='line_1_37' title="bbox 677 4284 3139 4369; baseline -0.001 -15"><span class='ocrx_word' id='word_1_301' title='bbox 677 4287 1035 4354; x_wconf 88' lang='lat' dir='ltr'><strong>Salvatoris</strong></span> <span class='ocrx_word' id='word_1_302' title='bbox 1062 4285 1491 4369; x_wconf 89' lang='lat' dir='ltr'><strong>plurimorum</strong></span> <span class='ocrx_word' id='word_1_303' title='bbox 1518 4302 1635 4348; x_wconf 90' lang='lat' dir='ltr'><strong>ora</strong></span> <span class='ocrx_word' id='word_1_304' title='bbox 1674 4288 2194 4367; x_wconf 90' lang='lat' dir='ltr'><strong>prorumperent,</strong></span> <span class='ocrx_word' id='word_1_305' title='bbox 2224 4284 2375 4367; x_wconf 89' lang='lat' dir='ltr'><strong>quia</strong></span> <span class='ocrx_word' id='word_1_306' title='bbox 2417 4287 2557 4348; x_wconf 92' lang='lat' dir='ltr'><strong>tam</strong></span> <span class='ocrx_word' id='word_1_307' title='bbox 2603 4284 2926 4367; x_wconf 89' lang='lat' dir='ltr'><strong>perfectos</strong></span> <span class='ocrx_word' id='word_1_308' title='bbox 2968 4290 3139 4351; x_wconf 88' lang='lat' dir='ltr'><strong>tam-</strong></span> 
     </span>
     <span class='ocr_line' id='line_1_38' title="bbox 680 4381 3139 4474; baseline -0 -23"><span class='ocrx_word' id='word_1_309' title='bbox 680 4407 808 4471; x_wconf 91' lang='lat' dir='ltr'><strong>que</strong></span> <span class='ocrx_word' id='word_1_310' title='bbox 830 4385 1135 4451; x_wconf 90' lang='lat' dir='ltr'><strong>mirificos</strong></span> <span class='ocrx_word' id='word_1_311' title='bbox 1162 4383 1525 4449; x_wconf 89' lang='lat' dir='ltr'><strong>medicinae</strong></span> <span class='ocrx_word' id='word_1_312' title='bbox 1547 4381 1843 4447; x_wconf 90' lang='lat' dir='ltr'><strong>caelestis</strong></span> <span class='ocrx_word' id='word_1_313' title='bbox 1865 4382 2144 4448; x_wconf 89' lang='lat' dir='ltr'><strong>artifices</strong></span> <span class='ocrx_word' id='word_1_314' title='bbox 2167 4383 2517 4474; x_wconf 89' lang='lat' dir='ltr'><strong>Armeniae</strong></span> <span class='ocrx_word' id='word_1_315' title='bbox 2536 4384 2908 4467; x_wconf 89' lang='lat' dir='ltr'><strong>provinciae</strong></span> <span class='ocrx_word' id='word_1_316' title='bbox 2937 4384 3139 4450; x_wconf 90' lang='lat' dir='ltr'><strong>desti-</strong></span> 
     </span>
     <span class='ocr_line' id='line_1_39' title="bbox 673 4490 917 4552; baseline -0.004 0"><span class='ocrx_word' id='word_1_317' title='bbox 673 4490 917 4552; x_wconf 89' lang='lat' dir='ltr'><strong>nasset.</strong></span> 
     </span>
    </p>

    <p class='ocr_par' dir='ltr' id='par_1_4' title="bbox 679 4580 3260 4768">
     <span class='ocr_line' id='line_1_40' title="bbox 760 4580 3140 4666; baseline 0 -16"><span class='ocrx_word' id='word_1_318' title='bbox 760 4593 826 4650; x_wconf 78' lang='lat'><strong>7.</strong></span> <span class='ocrx_word' id='word_1_319' title='bbox 854 4585 1087 4649; x_wconf 86' lang='lat' dir='ltr'><strong>Fertur</strong></span> <span class='ocrx_word' id='word_1_320' title='bbox 1116 4583 1287 4647; x_wconf 89' lang='lat' dir='ltr'><strong>inter</strong></span> <span class='ocrx_word' id='word_1_321' title='bbox 1312 4584 1532 4648; x_wconf 88' lang='lat' dir='ltr'><strong>cetera</strong></span> <span class='ocrx_word' id='word_1_322' title='bbox 1558 4580 1627 4646; x_wconf 92' lang='lat' dir='ltr'><strong>id</strong></span> <span class='ocrx_word' id='word_1_323' title='bbox 1649 4581 1962 4664; x_wconf 90' lang='lat' dir='ltr'><strong>temporis</strong></span> <span class='ocrx_word' id='word_1_324' title='bbox 1983 4600 2025 4646; x_wconf 88' lang='lat' dir='ltr'><strong>a</strong></span> <span class='ocrx_word' id='word_1_325' title='bbox 2045 4580 2247 4647; x_wconf 90' lang='lat' dir='ltr'><strong>servis</strong></span> <span class='ocrx_word' id='word_1_326' title='bbox 2270 4580 2507 4648; x_wconf 90' lang='lat' dir='ltr'><strong>Christi</strong></span> <span class='ocrx_word' id='word_1_327' title='bbox 2534 4588 2803 4666; x_wconf 89' lang='lat' dir='ltr'><strong>peracta</strong></span> <span class='ocrx_word' id='word_1_328' title='bbox 2821 4583 3140 4652; x_wconf 87' lang='lat' dir='ltr'><strong>miracula</strong></span> 
     </span>
     <span class='ocr_line' id='line_1_41' title="bbox 679 4679 3260 4768; baseline 0.001 -19"><span class='ocrx_word' id='word_1_329' title='bbox 679 4683 1019 4750; x_wconf 90' lang='lat' dir='ltr'><strong>conventio</strong></span> <span class='ocrx_word' id='word_1_330' title='bbox 1050 4681 1375 4765; x_wconf 89' lang='lat' dir='ltr'><strong>quaedam</strong></span> <span class='ocrx_word' id='word_1_331' title='bbox 1396 4680 1566 4745; x_wconf 92' lang='lat' dir='ltr'><strong>inter</strong></span> <span class='ocrx_word' id='word_1_332' title='bbox 1585 4679 2055 4746; x_wconf 90' lang='lat' dir='ltr'><strong>commilitones</strong></span> <span class='ocrx_word' id='word_1_333' title='bbox 2085 4679 2324 4746; x_wconf 90' lang='lat' dir='ltr'><strong>Christi</strong></span> <span class='ocrx_word' id='word_1_334' title='bbox 2351 4681 2489 4747; x_wconf 84' lang='lat' dir='ltr'><strong>fore</strong></span> <span class='ocrx_word' id='word_1_335' title='bbox 2516 4682 2806 4763; x_wconf 87' lang='lat' dir='ltr'><strong>mirifica,</strong></span> <span class='ocrx_word' id='word_1_336' title='bbox 2830 4685 3140 4768; x_wconf 91' lang='lat' dir='ltr'><strong>quatinus</strong></span> <span class='ocrx_word' id='word_1_337' title='bbox 3176 4694 3260 4753; x_wconf 65' lang='lat' dir='ltr'><strong>bo</strong></span> 
     </span>
    </p>
   </div>
   <div class='ocr_carea' id='block_1_3' title="bbox 675 4821 3145 5046">
    <p class='ocr_par' dir='ltr' id='par_1_5' title="bbox 675 4821 3145 5046">
     <span class='ocr_line' id='line_1_42' title="bbox 745 4821 3143 4894; baseline 0.001 -16"><span class='ocrx_word' id='word_1_338' title='bbox 745 4827 805 4878; x_wconf 87' lang='lat'><strong>5.</strong></span> <span class='ocrx_word' id='word_1_339' title='bbox 838 4853 903 4862; x_wconf 90' lang='lat'><strong>—</strong></span> <span class='ocrx_word' id='word_1_340' title='bbox 936 4821 2017 4878; x_wconf 72' lang='lat' dir='ltr'><strong>1virLanucorr.—¹DeiL.-⁸om.</strong></span> <span class='ocrx_word' id='word_1_341' title='bbox 2042 4822 2109 4876; x_wconf 84' lang='lat' dir='ltr'><strong>L.</strong></span> <span class='ocrx_word' id='word_1_342' title='bbox 2136 4822 2341 4876; x_wconf 82' lang='lat' dir='ltr'><strong>-⁴de</strong></span> <span class='ocrx_word' id='word_1_343' title='bbox 2364 4824 3143 4894; x_wconf 71' lang='lat' dir='ltr'><strong>add.L.—³queom.M.—</strong></span> 
     </span>
     <span class='ocr_line' id='line_1_43' title="bbox 675 4903 3145 5046; baseline 0.004 -90"><span class='ocrx_word' id='word_1_344' title='bbox 675 4907 1163 5046; x_wconf 43' lang='lat' dir='ltr'><strong>:lpl&#39;izzrrzvuffgnte</strong></span> <span class='ocrx_word' id='word_1_345' title='bbox 1183 4905 1508 4969; x_wconf 79' lang='lat' dir='ltr'><strong>eorr.,L.-</strong></span> <span class='ocrx_word' id='word_1_346' title='bbox 1530 4905 1553 4940; x_wconf 78' lang='lat'>⁷</span> <span class='ocrx_word' id='word_1_347' title='bbox 1577 4904 1654 4972; x_wconf 82' lang='lat' dir='ltr'><strong>(in</strong></span> <span class='ocrx_word' id='word_1_348' title='bbox 1676 4908 1735 4970; x_wconf 87' lang='lat' dir='ltr'><strong>t.)</strong></span> <span class='ocrx_word' id='word_1_349' title='bbox 1762 4904 1929 4958; x_wconf 83' lang='lat' dir='ltr'><strong>vitam</strong></span> <span class='ocrx_word' id='word_1_350' title='bbox 1953 4906 2019 4970; x_wconf 80' lang='lat' dir='ltr'><strong>L.</strong></span> <span class='ocrx_word' id='word_1_351' title='bbox 2054 4932 2120 4945; x_wconf 93' lang='lat'>—</span> <span class='ocrx_word' id='word_1_352' title='bbox 2152 4904 2177 4939; x_wconf 78' lang='lat'><strong>⁸</strong></span> <span class='ocrx_word' id='word_1_353' title='bbox 2198 4903 2481 4973; x_wconf 83' lang='lat' dir='ltr'><strong>dispositio</strong></span> <span class='ocrx_word' id='word_1_354' title='bbox 2516 4907 2667 4961; x_wconf 81' lang='lat' dir='ltr'><strong>L.—</strong></span> <span class='ocrx_word' id='word_1_355' title='bbox 2689 4908 2713 4943; x_wconf 82' lang='lat'><strong>⁹</strong></span> <span class='ocrx_word' id='word_1_356' title='bbox 2735 4907 2976 4963; x_wconf 75' lang='lat' dir='ltr'><strong>facerent</strong></span> <span class='ocrx_word' id='word_1_357' title='bbox 3009 4910 3145 4965; x_wconf 77' lang='lat' dir='ltr'><strong>add.</strong></span> 
     </span>
    </p>
   </div>
  </div>
 </body>
</html>
