3487 5450
1273 602 1623 655 APPENDIX
1675 603 1745 655 v.
2592 582 2725 655 141

266 814 498 860 manus
526 794 818 860 lambere
859 812 1141 877 eumque
1187 794 1374 877 quasi
1416 793 1759 859 hinnulum
1800 794 2133 877 proprium
2179 813 2404 860 amare
2453 794 2619 861 miro
2668 798 2737 860 et

265 894 572 959 ineffabili
609 895 807 959 modo
836 898 1062 959 contra
1090 898 1367 958 naturae
1397 913 1592 958 usum
1620 893 2044 958 vehementer
2071 894 2327 977 incepit.
2366 894 2608 960 Idcirco
2634 894 2736 959 vir

265 992 376 1058 Dei
406 1013 671 1058 cervam
713 993 883 1058 hanc
922 992 1201 1057 eandem
1247 993 1468 1057 divina
1511 993 1931 1057 miseratione
1983 993 2041 1058 ei
2070 994 2137 1058 in
2178 1013 2337 1058 suae
2364 994 2739 1077 peregrina-

261 1092 452 1157 tionis
500 1093 951 1158 iuvamentum
1000 1111 1079 1157 ac
1115 1092 1363 1157 itineris
1415 1091 1772 1157 ductricem
1802 1092 2070 1157 caelitus
2125 1092 2443 1158 directam
2491 1093 2737 1159 intelle-

206 1208 232 1257 5
259 1212 453 1274 gens:
484 1190 697 1272 Hanc,
724 1193 837 1270 ait,
866 1212 902 1256 ο
930 1193 1021 1256 mi
1040 1192 1066 1229 ³
1090 1191 1302 1273 frater
1330 1192 1677 1272 carissime,
1719 1193 1788 1255 in
1814 1191 1914 1256 his
1941 1191 2307 1256 solitudinis
2336 1192 2551 1266 dcvi-is,
2585 1213 2735 1278 quo-

265 1312 522 1377 cumque
570 1291 748 1357 nobis
793 1292 1098 1356 ducatum
1138 1290 1458 1374 praebeat,
1507 1292 1573 1355 in
1629 1290 1907 1355 Domino
1958 1290 2329 1374 confidentes
2375 1313 2736 1378 sequamur.

260 1390 407 1475 lpsa
448 1396 671 1457 autem
721 1392 863 1457 fera
903 1392 1035 1457 iam
1079 1411 1212 1456 non
1253 1390 1412 1470 fera,
1456 1390 1576 1456 sed
1620 1391 1810 1474 quasi
1851 1391 2156 1457 humanis
2196 1392 2740 1458 nutricationibus

259 1491 636 1574 mancipata
682 1511 759 1556 ac
801 1490 1168 1567 domabilis
1220 1509 1393 1556 nunc
1440 1489 1582 1556 illos
1633 1491 2110 1573 praecedendo,
2163 1511 2336 1557 nunc
2383 1492 2740 1575 mugitibus

257 1591 664 1673 propriisque
711 1590 1003 1673 gestibus
1046 1588 1254 1654 laetos
1295 1589 1498 1653 animi
1551 1593 1772 1654 motus
1824 1590 2252 1665 ostendend0‚
2296 1611 2418 1674 per
2458 1590 2741 1656 eandem

185 1702 234 1752 ιο
262 1690 496 1768 viam',
543 1710 664 1772 per
690 1709 894 1772 quam
920 1688 1119 1770 paulo
1148 1692 1303 1753 ante
1348 1689 1765 1768 transierant,
1794 1688 2034 1754 iterum
2067 1708 2295 1754 versus
2332 1695 2628 1755 austrum
2670 1690 2739 1756 in

260 1790 437 1854 exitu
473 1788 958 1872 praedictorum
1001 1788 1324 1852 montium
1362 1788 1445 1852 ad
1500 1787 1751 1865 collem,
1797 1807 1991 1871 quem
2012 1789 2040 1826 ⁴
2068 1792 2223 1854 tunc
2263 1790 2543 1872 regionis
2570 1789 2738 1855 illius

258 1887 503 1953 incolae
575 1888 854 1953 Dorsum
915 1887 1283 1965 Riscarum‚
1339 1906 1513 1951 nunc
1572 1906 1731 1952 vero
1790 1887 2258 1970 Episcoporum
2316 1888 2562 1954 Collem
2611 1901 2738 1954 usu

259 1986 719 2052 modernorum
789 1985 1152 2063 nominant,
1205 1985 1422 2050 dumis
1486 1990 1553 2050 et
1623 1985 1968 2051 arboribus
2030 1982 2360 2065 vestitum,
2401 2006 2737 2070 regressus

260 2084 517 2163 ducens,
540 2086 607 2149 in
629 2085 870 2150 montis
896 2085 1232 2150 cacumine
1259 2104 1380 2149 ceu
1409 2105 1450 2149 a
1477 2084 1812 2149 laboribus
1842 2085 2106 2150 defessa
2135 2086 2202 2149 in
2229 2090 2476 2151 terram
2503 2106 2739 2169 procu-

183 2196 236 2245 ιδ
261 2185 418 2250 buit.
445 2185 632 2250 Tunc
655 2185 761 2249 ille
783 2185 1078 2267 egregius
1115 2184 1354 2249 Christi
1393 2184 1516 2248 tiro
1548 2183 1945 2249 Mochulleus
1991 2185 2343 2267 condignas
2377 2187 2738 2268 gratiarum

261 2285 544 2350 actiones
572 2284 713 2349 Deo
753 2283 1023 2358 auctori,
1069 2283 1181 2366 qui
1226 2283 1460 2348 divinis
1491 2283 1917 2348 famulatibus
1947 2284 2347 2349 destinatum
2376 2285 2591 2350 locum
2617 2305 2741 2368 per

261 2384 588 2449 subiectae
630 2383 1092 2448 irrationabilis
1121 2386 1463 2448 creaturae
1491 2382 1926 2447 ministerium
1955 2383 2251 2449 revelare
2283 2384 2406 2449 sibi
2435 2384 2740 2467 dignatus
2780 2440 2784 2443 Α

263 2487 375 2562 est,
403 2502 652 2566 pronus
681 2483 751 2547 in
780 2486 960 2547 terra
988 2486 1341 2565 postquam
1361 2481 1708 2559 reddidit⁶‚
1743 2501 1865 2564 per
1886 2482 2097 2547 solum
2126 2482 2349 2565 spinas
2378 2488 2444 2548 et
2465 2484 2739 2549 tribulos

263 2582 340 2647 de
367 2583 602 2648 eodem
629 2582 771 2647 loco
813 2581 1110 2660 evellere,
1139 2601 1451 2664 proceras
1475 2600 1771 2665 quasque
1801 2582 2070 2646 arbores
2119 2576 2195 2646 in‘
2229 2583 2471 2647 vertice
2498 2582 2742 2648 montis

184 2687 238 2740 w
264 2680 588 2746 succidere
669 2684 1012 2745 maturans
1034 2679 1081 2757 ⁸,
1124 2678 1432 2744 basilicae
1515 2677 2035 2758 fundamentum,
2108 2677 2248 2744 Deo
2298 2679 2740 2763 propitiante,

265 2778 490 2845 iniecit.
514 2778 766 2845 Deinde
793 2779 952 2843 dum
989 2778 1281 2843 eiusdem
1316 2777 1618 2842 stationis
1649 2777 1883 2842 faciem
1916 2778 2057 2860 ipse
2093 2778 2269 2843 idem
2296 2785 2564 2844 sanctus
2591 2799 2745 2862 pro-

263 2879 414 2960 priis
441 2879 748 2944 manibus
776 2896 1120 2961 quaequae
1157 2876 1527 2959 inaequalia
1571 2877 1919 2960 aequando
1964 2881 2029 2941 et
2075 2876 2344 2942 humilia
2386 2879 2453 2942 in
2508 2877 2743 2944 altiora

265 2978 625 3044 extollendo
667 2977 990 3061 planaret‚
1034 2995 1268 3040 saxum
1312 2972 1686 3054 immobile,'
1711 2976 1899 3059 quasi
1940 2977 2132 3041 docta
2187 2981 2330 3041 arte
2373 2977 2746 3060 superficie-

264 3081 448 3142 tenus
494 3076 773 3160 politum
822 3075 1072 3152 fuisset,
1122 3071 1495 3150 invenerat;
1525 3075 1594 3139 in
1643 3075 1826 3140 cuius
1864 3077 2009 3140 saxi
2055 3076 2275 3141 medio
2312 3076 2401 3141 ad
2448 3077 2745 3143 similitu-

184 3181 238 3233 Β
266 3175 478 3241 dinem
503 3175 772 3259 grandis
799 3173 1072 3257 hydriae
1104 3173 1432 3257 quaedam
1461 3172 1788 3256 profunda
1816 3175 2194 3240 concavitas
2226 3175 2458 3253 fuerat,
2501 3177 2742 3259 quam⁷

265 3274 435 3339 sive⁸
460 3275 720 3339 divinae
765 3269 1079 3338 bonitatis
1120 3273 1533 3355 providentia
1573 3272 1640 3335 in
1684 3271 1914 3336 eodem
1936 3273 1962 3310 ⁹
1989 3273 2163 3337 silice
2208 3274 2293 3337 ab
2336 3274 2519 3339 initio
2560 3293 2744 3339 crea-
2864 3345 2867 3346 ⁷

266 3372 451 3439 tionis
502 3374 863 3450 dolaverat,
907 3373 1045 3437 sive
1087 3372 1204 3436 viri
1250 3370 1368 3436 Dei
1426 3371 1674 3436 meritis
1726 3372 1956 3436 eadem
2005 3371 2331 3437 Creatoris
2394 3373 2741 3438 clementia

265 3471 544 3556 lapidem
591 3472 903 3539 eumdem
953 3474 1301 3536 cavaverat
1324 3471 1392 3534 ¹⁰.
1455 3470 1563 3535 Ad
1611 3470 1983 3535 huiusmodi
2041 3471 2361 3536 concham
2410 3472 2740 3556 lapideam

267 3571 523 3654 singulis
565 3572 800 3637 diebus
852 3590 1049 3636 cerva
1098 3570 1450 3646 antedicta,
1495 3590 1664 3653 quae
1692 3570 1833 3633 viro
1862 3570 2219 3634 venerabili
2259 3570 2529 3654 Deoque
2558 3591 2743 3637 acce-

185 3675 238 3729 30
267 3671 490 3751 ptabili
531 3689 655 3754 per
681 3669 826 3735 loca
853 3668 995 3734 sola
1024 3668 1265 3734 deserti
1294 3667 1382 3732 ad
1410 3667 1709 3732 cellulam
1739 3668 1971 3731 stravit
1999 3667 2119 3732 iter
2150 3668 2523 3752 benignum,
2553 3670 2743 3752 quasi

267 3769 351 3833 ad
373 3771 688 3835 mulctum
730 3787 1083 3834 occurrens
1124 3767 1193 3832 in
1234 3786 1429 3832 usum
1460 3771 1527 3831 et
1555 3767 2100 3831 sustentationem
2138 3768 2253 3832 viri
2277 3770 2325 3806 ¹¹
2370 3767 2490 3833 Dei
2539 3775 2741 3852 atque

265 3867 478 3933 fratris
502 3868 746 3933 infirmi
762 3867 831 3947 ¹²,
862 3868 1099 3950 quem*
1120 3886 1343 3931 secum
1372 3885 1494 3949 pro
1524 3865 1816 3930 remedio
1846 3866 2104 3930 animae
2127 3866 2470 3947 habuerat,
2481 3867 2739 3933 Christo

265 3968 673 4049 propitiante,
695 3967 1008 4031 uberibus
1037 3969 1403 4048 spontanea
1431 3965 1771 4029 voluntate
1792 3963 1893 4028 lac
1914 3964 1963 4002 ¹³
1989 3964 2218 4029 eodem
2242 3966 2552 4031 distillare
2573 3967 2739 4033 sole-

265 4064 398 4130 bat.
447 4066 730 4149 Ideoque
770 4071 845 4130 ut
873 4066 1038 4129 haec
1078 4083 1272 4129 cerva
1309 4064 1395 4129 ab
1439 4063 1687 4128 insidiis
1731 4067 2137 4138 venatorum,
2181 4065 2338 4129 dum
2389 4065 2456 4129 in
2504 4066 2737 4131 mediis

186 4168 240 4221 ³5
267 4161 534 4229 saltibus
560 4183 812 4247 pascua
852 4167 1201 4245 repeteret,
1248 4161 1505 4244 cognita
1547 4181 1625 4227 ac
1675 4166 1822 4226 tuta
1858 4167 2173 4241 maneret,
2227 4163 2517 4229 eiusdem
2561 4165 2737 4230 ferae

266 4260 430 4325 eollo
453 4263 737 4328 nolulam
765 4262 1039 4345 provide
1060 4262 1110 4299 ¹⁴
1148 4260 1514 4343 subligavit.

348 4365 423 4424 6.
454 4360 697 4427 Deinde
716 4366 868 4445 post
891 4361 1091 4426 trium
1116 4359 1218 4424 vel
1241 4359 1443 4424 ferme
1460 4363 1773 4442 quattuor
1793 4379 2114 4424 annorum
2137 4361 2158 4397 ¹
2172 4379 2474 4426 recursus
2496 4362 2736 4428 celeres

268 4459 456 4523 cum²
482 4460 832 4526 innumeris
875 4459 1294 4542 languoribus
1322 4478 1555 4541 aegros
1587 4462 1652 4523 et
1695 4458 2045 4523 imbecilles
2076 4478 2412 4524 sacrarum
2441 4462 2738 4526 antidoto

267 4628 369 4663 -²
390 4628 452 4691 (o
468 4628 560 4694 mi)
586 4629 739 4682 omni
759 4629 916 4681 M—
937 4627 963 4660 ⁸
979 4644 1081 4689 ont.
1103 4630 1169 4680 A.
1184 4656 1248 4666 —
1264 4627 1288 4660 ⁴
1304 4641 1415 4694 que
1431 4630 1578 4678 A.—
1599 4625 1622 4658 ⁶
1641 4643 1745 4678 om.
1765 4602 1932 4692 Α.Μ,·
1950 4627 2059 4693 egit
2078 4629 2201 4681 add.
2223 4631 2280 4679 in
2303 4615 2526 4681 Alman.
2546 4647 2652 4682 ree.
2670 4659 2737 4670 —

270 4707 294 4740 ‘
314 4713 555 4764 maturas
591 4716 660 4765 Α.
689 4739 759 4749 -
782 4711 804 4743 ἵ
828 4728 931 4764 om.
951 4710 1101 4762 AM.
1125 4736 1189 4747 -
1213 4710 1238 4742 ⁸
1259 4709 1409 4761 illam
1430 4710 1557 4760 add.
1580 4708 1730 4760 AM.
1755 4735 1819 4746 -
1838 4710 1861 4743 ⁹
1885 4708 2079 4762 eadem
2111 4712 2181 4761 M.
2209 4734 2270 4744 —
2299 4710 2345 4743 ¹⁰
2368 4711 2585 4763 cavavit
2604 4711 2738 4764 exti-

270 4793 394 4846 terit
414 4792 683 4857 (extiterat
706 4794 804 4857 M.)
834 4795 979 4847 Α..11.
1003 4817 1068 4827 -
1101 4792 1145 4825 ¹¹
1178 4791 1320 4844 servi
1357 4791 1515 4844 ΛΜ.
1536 4821 1603 4831 -
1640 4790 1687 4823 ¹²
1709 4789 1767 4854 (f.
1793 4790 1847 4856 i.)
1889 4790 1922 4844 i.
1958 4792 1994 4846 f.
2018 4792 2165 4845 AM.
2187 4820 2255 4830 -
2296 4793 2342 4825 ¹³
2367 4810 2469 4846 om.
2501 4793 2647 4848 AM.
2669 4824 2737 4837 —

273 4874 320 4907 ¹⁴
339 4874 563 4942 proinde
580 4877 728 4931 H.L.

335 4958 400 5011 Β.
432 4959 662 5013 -ῑωκ,
694 4961 763 5021 A.
796 4957 911 5005 τ’
945 4957 1269 5012 abadd.A.
