3487 5450
1105 602 1201 653 nx
1253 601 1413 654 coo.
1465 602 1821 654 vancfflo
1876 574 2030 655 38⁴3.
2067 637 2076 645 .
2664 580 2813 654 335

333 791 624 857 dentibus
680 791 882 856 multa
942 812 1130 876 super
1184 797 1424 855 terram
1486 799 1786 875 operatus
1847 778 1916 856 ¹es
1987 791 2297 855 miranda
2337 793 2452 875 (1),
2517 790 2647 855 hiis
2707 793 2820 876 qui

336 893 782 956 invocaverunt
847 912 1064 955 nomen
1136 898 1423 954 sanctum
1489 897 1689 955 tuum.
1763 890 1945 956 Audi
2013 911 2155 974 eryo
2225 891 2564 955 clamorem
2625 890 2820 955 huius

325 991 716 1075 paupercule
758 993 985 1055 matris
1024 997 1078 1054 et
1128 990 1382 1055 cte-tende
1431 990 1865 1073 infirmitatem
1917 985 2291 1076 lanquent'is,
2343 990 2425 1055 Et
2473 993 2819 1073 assumpto

335 1090 663 1173 lampadis
714 1090 876 1165 oleo,
921 1090 1105 1173 pueri
1153 1094 1452 1154 ventrem
1498 1091 1860 1172 peruncxit.
1912 1090 2209 1173 Cumque
2250 1090 2583 1155 modicum
2628 1089 2820 1173 sopni

269 1209 301 1256 ι
338 1191 744 1272 sumpsisset,
801 1190 1109 1272 evigilans
1172 1189 1476 1254 inventus
1537 1192 1636 1253 est
1698 1208 1963 1254 omnem
2031 1190 2449 1272 putredinem
2511 1189 2819 1268 emictere

338 1290 781 1373 ydropicalem
837 1310 953 1371 per
996 1288 1371 1354 umbilicum
1414 1288 1557 1353 oleo
1597 1294 2008 1372 perunctum.
2047 1289 2191 1354 Hoc
2230 1289 2453 1354 vicinis
2485 1284 2828 1373 panditur,

340 1389 686 1454 infirmitas
750 1389 997 1453 meritis
1054 1388 1233 1453 beati
1287 1388 1542 1453 Alberti
1596 1388 2025 1471 compellitur,
2079 1389 2330 1454 sanitas
2389 1389 2823 1455 introducitur
2883 1398 2896 1409 “
2955 1465 2961 1470 ,

340 1491 406 1553 et
450 1489 541 1554 sic
590 1489 974 1553 miraculum
1010 1488 1325 1570 proditur.
1375 1488 1484 1553 Ad
1512 1489 1689 1571 quod
1738 1487 1971 1570 prelati
2023 1488 2272 1553 domini
2312 1489 2381 1554 in
2421 1492 2652 1554 sancto
2699 1508 2821 1553 suo

343 1588 639 1666 iubilant,
684 1592 749 1653 et
792 1587 1014 1671 populi
1052 1587 1447 1667 collaudant,
1475 1588 1668 1653 turbe
1696 1587 2225 1670 congratulantes
2253 1592 2556 1709 sanctum
2584 1584 2823 1654 devote

239 1704 301 1751 ιο
343 1688 610 1752 visitant
638 1689 750 1770 (⁰2).

429 1795 546 1854 36.
590 1788 785 1852 Anno
836 1788 1067 1852 eodem
1117 1786 1340 1851 Sacce
1368 1785 1670 1851 dominus
1696 1784 2069 1863 Nicholaus,
2111 1786 2282 1852 filius
2328 1788 2584 1853 comitis
2625 1786 2828 1853 Ghui-

343 1887 581 1970 glielmi
607 1887 689 1951 de
719 1886 1000 1952 Peralta.
1030 1905 1181 1951 cum
1202 1889 1375 1951 esset
1403 1885 1487 1950 de
1506 1885 1711 1968 stupe
1730 1885 1953 1968 regali,
1976 1887 2341 1952 mortaliter
2361 1886 2716 1965 febricitat;
2736 1887 2827 1952 ad

349 2006 550 2070 quem
576 1986 813 2051 medici
842 1986 1178 2051 confluunt
1219 1984 1624 2063 catervatim,
1667 1985 2031 2050 remedium
2073 1986 2376 2051 sanitatis
2415 1986 2825 2051 causativum

347 2104 482 2151 non
501 2087 856 2169 reperiunt.
882 2085 1013 2150 Sed
1041 2084 1425 2167 parentibus
1454 2082 1951 2149 condolentibus
1977 2084 2303 2150 censendo
2324 2085 2682 2168 loquuntur
2704 2085 2822 2169 (3).

241 2206 304 2255 ιιι
349 2184 524 2250 Puer
543 2185 911 2268 paracismo
928 2184 1153 2249 feritur
1175 2189 1242 2249 et
1262 2183 1350 2249 ad
1361 2187 1640 2249 mortem
1663 2183 1925 2249 labitur.
1940 2184 2047 2249 Ad
2061 2185 2238 2267 quod
2252 2184 2505 2249 viscera
2522 2189 2827 2250 materna

347 2288 864 2350 commoventur.
892 2284 1100 2367 Luget
1124 2287 1358 2362 mater,
1388 2283 1604 2367 plorat
1629 2286 1824 2367 pater
1850 2302 2052 2366 super
2070 2284 2306 2349 dilecto
2333 2283 2486 2349 filio.
2515 2283 2646 2362 Qui
2675 2303 2826 2349 cum

349 2404 510 2469 prae
552 2384 818 2449 tristitia
841 2387 876 2425 *
905 2384 1357 2462 dormitarent,
1378 2382 1537 2448 vidit
1563 2382 1835 2466 quidam
1863 2384 2051 2467 quasi
2073 2383 2140 2447 in
2162 2384 2396 2466 spiritu
2406 2382 2529 2448 Dei
2549 2383 2826 2449 devotus

346 2484 550 2549 frater
598 2484 814 2567 ipsum
863 2502 1142 2566 puerum
1191 2482 1258 2547 in
1306 2482 1477 2547 ulnis
1524 2483 1865 2548 cuiusdam
1915 2483 2123 2549 sancti
2151 2485 2241 2564 (4)
2294 2502 2374 2548 ac
2419 2482 2642 2569 devoti
2681 2482 2827 2548 reli-

248 2587 252 2591 “
350 2584 563 2666 gionis
592 2584 685 2665 (5)
733 2582 1088 2657 iocundari,
1128 2582 1299 2647 infra
1347 2581 1688 2648 ecclesiam
1738 2582 2017 2648 fratrum
2065 2587 2291 2648 sancte
2342 2583 2462 2648 Dei
2500 2582 2827 2666 genitricis
2965 2606 2968 2609 2

243 2701 310 2752 2⁰
358 2682 582 2748 Marie.
604 2682 683 2748 Et
714 2702 797 2748 ex
825 2701 1103 2765 sompno
1133 2685 1456 2765 exurgens
1475 2681 1793 2748 intellexit
1817 2681 2082 2748 visionis
2105 2682 2611 2765 expositionem;
2630 2683 2830 2748 matri

347 2783 553 2848 incliti
587 2784 771 2848 ducis
800 2781 1120 2848 visionem
1159 2783 1412 2866 pandit.
1439 2782 1522 2847 Et
1561 2782 1671 2848 illa
1711 2786 1780 2847 et
1806 2786 1998 2865 pater
2040 2783 2225 2848 fratri
2268 2783 2611 2867 inquiunt:
2645 2783 2829 2864 Quod

360 2883 539 2948 Deus
565 2884 697 2947 vult
714 2903 841 2967 pro
868 2882 982 2946 hoc
1000 2883 1411 2947 innotescitur
1430 2883 1568 2965 (6)?
1591 2881 1672 2946 Et
1699 2881 1906 2948 frater
1933 2882 2020 2947 ad
2049 2903 2162 2948 eos
2190 2883 2324 2948 ait:
2350 2882 2600 2947 Forsan
2616 2882 2826 2966 filium

354 2991 630 3047 vestrum
657 2982 939 3047 humano
961 2983 1206 3047 auxilio
1248 3001 1375 3045 non
1390 3001 1573 3067 posse
1596 2980 1877 3059 liberari,
1898 2982 2008 3048 sed
2035 2982 2378 3047 dumtaxat
2405 2984 2830 3047 meritiesen‘i

226 3119 229 3120 f
349 3082 476 3148 Dei
513 3081 779 3160 Alba-ti,
819 3084 930 3167 qui
972 3083 1038 3144 in
1082 3082 1199 3146 illa
1241 3082 1491 3145 ecclesia
1531 3101 1695 3165 prae
1735 3084 1953 3146 ceteris
1988 3083 2079 3164 (7)
2125 3083 2452 3165 experitur
2499 3083 2830 3148 miraculis

245 3206 310 3256 2⁵
348 3202 743 3247 corruscare.
774 3181 888 3246 Hla
938 3185 1093 3246 tunc
1140 3185 1356 3246 mater
1394 3185 1618 3246 mente
1667 3181 1922 3247 sincera
1967 3181 2300 3264 promictit
2347 3182 2632 3265 vigiliam
2681 3200 2832 3248 cum

346 3282 521 3348 festo
579 3269 1000 3365 solepnizare',
1050 3284 1397 3364 vestesque
1453 3279 1809 3347 deauratas
1863 3281 1951 3346 illi
1999 3286 2403 3365 presentare,
2459 3282 2834 3365 ymaginem

354 3381 612 3464 argenti
640 3381 962 3457 fabricari,
1004 3398 1330 3464 pauperes
1374 3379 1444 3445 in
1489 3379 1591 3445 sui
1636 3381 1956 3446 honorem
1999 3381 2289 3460 induere,
2337 3381 2555 3465 ipsum
2597 3382 2835 3447 devote

349 3482 643 3559 visitare,
694 3501 772 3546 ac
820 3500 1099 3563 puerum
1154 3479 1455 3545 habitum
1501 3479 1594 3563 (8)
1649 3482 1876 3545 sancte
1924 3479 2250 3562 religionis
2305 3485 2486 3546 certo
2533 3484 2834 3564 tempore

350 3581 594 3648 vestire
620 3581 731 3663 (9).
761 3580 959 3645 Pater
986 3579 1361 3662 penitentie,
1390 3579 1631 3645 scilicet
1658 3580 1863 3645 frater
1884 3583 2108 3660 nostre
2151 3579 2498 3663 religionIS,
2524 3579 2834 3664 reliquias

250 3701 314 3753 30
353 3682 567 3749 sancti
586 3681 779 3745 huius
799 3679 1139 3745 transferri
1166 3679 1337 3758 fecit,
1366 3698 1613 3763 aquam
1639 3679 1773 3763 (10)
1795 3679 2044 3744 eisdem
2065 3678 2342 3762 intingit,
2371 3683 2573 3763 atque
2591 3680 2838 3746 oratio-

350 3801 513 3847 nem
541 3780 723 3846 beati
741 3780 1016 3853 Alberti,
1038 3779 1310 3844 scilicet:
1333 3778 1704 3860 Quaesumus,
1718 3777 1996 3843 Domine
2016 3778 2192 3843 Deus
2216 3786 2440 3861 nostor,
2465 3778 2837 3862 infimitati

354 3878 503 3943 huic
524 3876 774 3942 salubre
793 3875 1078 3958 conferre
1097 3876 1232 3957 (11)
1253 3876 1537 3960 diqneris
1556 3876 1898 3960 aum'lium,
1917 3884 1987 3941 ιιι
2016 3878 2128 3962 qui
2153 3878 2314 3941 beati
2331 3875 2579 3942 Alba-ti
2595 3876 2839 3960 confoe-

357 3979 524 4043 soris
553 3979 648 4041 tui
675 3978 1041 4041 memoriam
1072 3994 1453 4040 veneramur
1475 3976 1658 4060 (12)
1632 3996 1702 4038 m
1745 3982 1940 4056 terra,
1975 3977 2177 4060 ipsius
2227 3978 2472 4042 meritis
2510 3998 2553 4041 a
2596 3978 2838 4041 cunctis

280 4155 287 4161 ,
352 4073 674 4163 qaudeant
695 4074 1183 4141 adversitata'bue
1209 4073 1473 4140 liberari
1492 4095 1610 4159 per
1638 4073 1963 4140 Christum
1992 4075 2319 4141 dominum
2346 4083 2657 4160 nostrum,
2685 4096 2839 4143 cum

254 4195 319 4246 3³
359 4179 534 4244 trino
564 4177 701 4258 (13)
728 4176 930 4241 Pater
956 4179 1182 4240 noster
1226 4177 1295 4241 et
1320 4176 1465 4241 Ave
1492 4175 1727 4253 Maria3
1776 4194 1928 4241 eam
1975 4196 2179 4258 puero
2232 4177 2418 4243 iussit
2458 4175 2838 4243 bibendam.

355 4277 642 4344 Summit
672 4296 915 4360 aquam
936 4295 1122 4359 puer,
1143 4278 1212 4341 et
1236 4275 1642 4359 refrigerium
1661 4275 1828 4340 illico
1850 4276 2068 4340 sentit.
2081 4275 2396 4359 Sequenti
2415 4276 2524 4341 die
2543 4277 2841 4343 similiter

354 4379 594 4462 agitur,
607 4381 672 4443 et
693 4396 862 4461 puer
880 4376 1219 4442 incolumis
1240 4376 1512 4459 exurgit.
1523 4375 1607 4497 Et
1617 4375 1711 4440 sic
1731 4376 2004 4441 tandem
2024 4376 2351 4459 magnifici
2369 4377 2510 4441 eius
2527 4381 2840 4460 parentes

352 4481 509 4545 vota
537 4477 998 4588 expleverunt.

418 4719 493 4787 (1)
518 4719 869 4774 Mirantur·
889 4718 1050 4782 -t2)
1076 4717 1219 4783 (Hoc
1240 4716 1733 4784 mmsvisitcne)
1757 4718 2149 4785 om.1(p.689‚
2170 4733 2226 4771 ιι.
2251 4717 2634 4786 10).-.(3)(c
2654 4721 2714 4783 1.)
2739 4734 2835 4772 om

357 4810 406 4859 1.
433 4831 504 4843 -
541 4803 616 4868 (4)
654 4801 719 4869 (c.
747 4802 815 4866 ε.)
847 4818 893 4856 ι.
915 4819 958 4855 c.
988 4806 1125 4855 1.-
1148 4801 1223 4867 (5)
1260 4801 1526 4869 Rauyioes·
1559 4806 1697 4856 1.-
1733 4799 1810 4867 (6)
1843 4800 2289 4856 Innotesceturl.
2309 4831 2376 4841 —
2409 4802 2485 4866 (7)
2518 4803 2683 4869 (prae
2715 4804 2835 4867 cd.)

357 4902 469 4942 om.
487 4893 626 4940 1.-
648 4884 722 4952 (8)
745 4884 956 4939 Habitu
977 4891 1110 4937 1.-
1130 4884 1206 4952 (9)
1236 4884 1446 4938 Τιτᾶνι·
1469 4889 1603 4938 1.-
1628 4880 1734 4949 (10)
1758 4884 1922 4951 Aqua
1946 4887 1994 4936 1.
2017 4910 2084 4921 —
2105 4885 2213 4949 (11)
2237 4882 2360 4938 Om.
2384 4888 2432 4938 1.
2447 4910 2517 4923 ·-
2536 4883 2642 4948 (12)
2669 4883 2833 4937 Vene-

358 4978 559 5024 rantur
578 4975 717 5040 1.-,-
736 4966 844 5034 (13)
860 4969 1004 5021 trini
979 4984 1032 5021 ιι
1049 4973 1096 5022 1.

2973 2396 3176 2452 ⁸1:27.
