3487 5450
1240 611 1594 665 Arpsnmx
1639 612 1790 667 m.
2614 594 2699 666 17
2706 592 2756 668 5

363 806 436 864 4.
469 798 720 878 Quarto
747 801 974 865 autem
1003 797 1110 864 die
1154 798 1576 882 impiissimus
1603 794 1801 866 iudex
1841 801 2033 867 iussit
2062 801 2194 869 sibi
2222 802 2291 867 in
2317 803 2758 886 amphiteatro

280 899 510 964 sedem
558 897 737 982 poni,
782 901 849 963 et
890 901 1238 981 spectante
1262 900 1284 937 ¹
1333 899 1643 965 universo
1673 900 1938 983 popule,
1975 900 2162 966 iussit
2202 906 2503 984 sanctum
2544 902 2666 969 Dei
2689 903 2761 969 in

277 998 569 1063 mediam
619 1016 892 1062 arenam
938 996 1110 1062 duci.
1166 995 1292 1075 Qui
1343 1016 1493 1064 cum
1543 998 1950 1065 introductus
1994 1003 2186 1078 esset,
2230 1001 2433 1066 sicut²
2488 1021 2758 1086 serpens

277 1097 551 1164 sibilans
585 1097 679 1161 ita
699 1115 852 1161 eum
873 1092 1297 1179 interrogavit
1320 1118 1336 1161 ε
1361 1096 1441 1161 In
1464 1118 1593 1183 qua
1606 1105 1910 1182 potestate
1931 1099 2024 1163 vel
2043 1101 2223 1164 cuius
2233 1102 2596 1184 patrocinio
2614 1122 2757 1165 cum

205 1214 241 1263 n
276 1204 464 1263 tanta
506 1195 751 1279 fiducia
796 1215 998 1260 ausus
1026 1195 1217 1279 fuisti
1263 1196 1429 1260 talia
1473 1197 1657 1262 cerba
1713 1198 2008 1282 profana
2057 1201 2126 1262 in
2169 1207 2495 1283 conspectu
2541 1209 2757 1265 nostro

268 1296 682 1382 proclamare
709 1294 744 1358 ,2
783 1294 1214 1361 Beatissimus
1246 1294 1611 1362 Germanus
1630 1297 2014 1381 respondit:
2059 1296 2503 1363 Patrocinium
2550 1321 2756 1364 meum

283 1396 578 1462 Christus
604 1402 713 1475 est,
741 1396 855 1480 qui
879 1394 1041 1458 mihi
1079 1401 1299 1460 contra
1329 1401 1386 1460 te
1412 1398 1682 1461 certanti
1706 1396 2023 1460 auxilia-m
2064 1397 2429 1481 praestabit.
2464 1398 2640 1464 Nam
2660 1399 2758 1463 dii

275 1499 487 1577 vestri,
515 1498 628 1583 qni
677 1498 743 1559 in
794 1496 936 1579 ique
983 1502 1233 1559 aeterno
1282 1495 1620 1559 cruciandi
1658 1496 1868 1577 sunt³,
1920 1504 1977 1561 et
2019 1516 2127 1561 vos
2177 1499 2305 1582 ipsi
2327 1498 2611 1563 colentes
2656 1519 2757 1563 eos

278 1596 620 1660 cruciandi
638 1596 817 1659 eritis
837 1616 879 1659 a
899 1614 1041 1679 repe
1059 1594 1397 1677 caelorum,
1413 1594 1575 1659 nihil
1593 1593 1773 1659 nobis
1789 1596 2159 1678 praevalere
2173 1599 2449 1680 potestis.
2462 1597 2755 1664 Audiens

175 1706 243 1759 ao
277 1696 445 1761 haec
474 1695 843 1761 Antoninus
868 1712 1159 1778 praeseS,
1187 1694 1379 1759 iussit
1408 1713 1559 1759 eum
1581 1694 1848 1760 extendi
1875 1698 1941 1760 et
1968 1695 2182 1778 ignem
2227 1696 2350 1761 sub
2380 1716 2460 1761 eo
2502 1697 2660 1780 poni
2686 1701 2754 1763 et

277 1794 562 1860 fustibus
588 1813 633 1859 a
676 1793 871 1858 viris⁴
899 1792 1268 1858 fortissimis
1298 1792 1514 1859 caedi.'
1536 1792 1816 1859 Sanctus
1837 1812 1994 1858 vero
2022 1795 2383 1860 orationem
2412 1796 2500 1861 ad
2532 1795 2755 1862 Domi-

277 1914 440 1959 num
464 1894 743 1959 fundens
769 1892 1016 1958 dixit⁸2
1055 1892 1323 1958 Gratias
1351 1892 1464 1956 tibi
1484 1913 1624 1978 ayo,
1646 1892 1921 1957 Domine
1941 1893 2137 1976 Deus,
2156 1901 2346 1977 pater
2366 1895 2613 1960 domin-i
2631 1897 2756 1961 mei

277 1992 425 2058 Iesu
458 1991 719 2074 Christi,
739 1995 854 2077 qui
869 1992 1123 2057 erranti
1148 1989 1384 2055 mundo
1409 1990 1651 2057 Filium
1674 1997 1854 2055 tuum
1873 2012 1997 2077 per
2016 1993 2282 2077 virqinis
2303 2002 2550 2058 uterum
2572 1990 2757 2060 nasci
2805 1982 2813 1987 ⁴

275 2092 555 2174 voluisti,
579 2100 648 2155 ut
667 2112 784 2156 nos
801 2090 1135 2155 redimeret
1153 2092 1429 2175 pretioso
1460 2111 1574 2155 suo
1602 2093 1908 2176 sanquine
1934 2099 1990 2156 et
2018 2112 2134 2156 nos
2164 2091 2241 2157 de
2266 2095 2413 2177 iuyo
2440 2096 2756 2159 servitutis

177 2202 242 2252 ω
282 2214 327 2257 a
368 2178 926 2255 diabolo'detentos
968 2210 1090 2255 sua
1123 2190 1420 2274 passione
1455 2198 1510 2254 et
1550 2192 2005 2255 resurrectione
2045 2191 2381 2273 liberaret,·
2416 2194 2528 2278 qui
2552 2192 2756 2260 tribus

268 2291 499 2375 pueris
522 2291 594 2354 in
622 2297 733 2354 tuo
757 2290 1012 2354 nomine
1052 2287 1503 2371 confidentibus
1531 2295 1803 2381 quartus
1843 2293 2215 2374 apparuisti
2256 2293 2324 2356 in
2364 2292 2568 2357 medio
2594 2295 2753 2377 ique.

277 2390 604 2475 Deprecor
627 2396 704 2471 te,
728 2388 1018 2471 Domine,
1044 2396 1115 2452 ut
1136 2388 1245 2452 des
1270 2387 1429 2452 mihi
1454 2389 1718 2454 minimo
1743 2409 1920 2454 servo
1950 2398 2054 2454 tuo
2076 2392 2369 2454 virtutem
2395 2398 2454 2455 et
2481 2392 2755 2457 toleran-

278 2492 440 2554 tiam
485 2488 789 2555 adrersus
804 2507 1066 2572 poenas,
1093 2507 1256 2574 quas
1285 2487 1445 2551 mihi
1464 2508 1863 2573 praeparare
1890 2495 2160 2553 conatur
2186 2491 2302 2555 iste
2322 2491 2756 2576 iniquissimus

276 2588 492 2672 iudex,
523 2595 593 2653 ut
614 2587 913 2671 confusus
931 2587 961 2624 ³
987 2607 1030 2651 a
1050 2606 1227 2651 servo
1255 2592 1382 2669 tuo,
1404 2589 1684 2652 universi
1710 2588 2110 2672 maqnificent
2135 2609 2358 2653 nomen
2386 2596 2587 2656 tuum.

173 2695 245 2748 πο
362 2698 432 2755 5.
468 2687 769 2772 Cumque
796 2686 1038 2753 diutius
1066 2686 1469 2767 caederetur,
1501 2686 1596 2753 ita
1622 2691 1696 2753 ut
1717 2687 1843 2771 ipsi
1870 2686 2205 2754 carnifices
2232 2690 2570 2757 caedendo
2595 2689 2758 2756 defi-

280 2792 527 2869 cerent,
555 2787 742 2853 iussit
787 2777 1061 2871 praeses
1089 2787 1150 2852 ei
1192 2805 1462 2870 parcere
1493 2811 1510 2864 3
1543 2787 1653 2869 qui
1682 2786 1846 2852 dixit
1872 2787 1960 2852 ad
1989 2807 2181 2853 eum:
2211 2787 2416 2855 Parce
2451 2791 2759 2855 iuventuti

277 2894 445 2970 tuae,
466 2889 621 2973 quia
643 2888 712 2952 in
729 2888 952 2971 prima
981 2887 1291 2950 iuventute
1318 2904 1444 2950 esse
1482 2881 1735 2967 videris,
1763 2893 1820 2950 et
1853 2886 2147 2970 sacrifica
2189 2887 2302 2952 deo
2342 2910 2573 2973 mayno
2620 2888 2760 2954 Iovi

278 2991 336 3049 et
396 2985 712 3069 Apollini,
752 2990 825 3048 ut
870 3003 1030 3072 quae
1074 3003 1194 3067 per
1246 2984 1689 3068 iquorantiam
1711 3011 1718 3017 ·
1734 2986 2030 3068 peccasti,
2086 2984 2199 3049 tibi
2249 2989 2699 3070 repropitietur
2717 2990 2757 3053 ¹.

281 3083 712 3150 Beatissimus
755 3083 1122 3150 Germanus
1177 3082 1569 3166 respondit:
1622 3082 1697 3148 Si
1737 3103 1865 3168 qua
1922 3091 2229 3150 tormenta
2274 3086 2455 3167 dicis,
2501 3087 2760 3152 celerius

171 3189 244 3242 Β
277 3182 525 3265 adhibe,
555 3184 882 3269 quoniam,
909 3203 1006 3273 me
1032 3202 1075 3247 a
1121 3181 1372 3247 Christo
1411 3182 1788 3264 confortato,
1831 3182 2114 3250 desidero
2150 3187 2367 3249 omnia
2408 3206 2569 3271 quae
2602 3186 2762 3251 milii

277 3282 573 3348 intuleris
653 3283 959 3347 &effluere
1021 3288 1280 3366 propter
1357 3279 1681 3346 Christum
1765 3280 2210 3364 benefactorem
2278 3304 2503 3350 meum.
2580 3284 2757 3351 Nam

278 3382 639 3464 daemones,
666 3401 821 3467 quos
847 3381 1075 3461 colitis,
1101 3381 1214 3466 qui
1230 3379 1549 3463 possident
1577 3380 1773 3445 corda
1801 3388 2031 3462 vestra,
2055 3402 2409 3467 numquam
2442 3386 2533 3448 eis
2556 3386 2761 3449 sacri-

274 3480 502 3565 ficabo.
541 3481 914 3546 Antoninus
964 3479 1168 3546 dixit:
1223 3478 1499 3544 Cacabos
1541 3478 1865 3564 implentes
1896 3482 2040 3564 pice
2080 3488 2137 3545 et
2180 3481 2368 3567 adipe
2408 3491 2594 3568 atque
2632 3484 2763 3549 oleo

279 3581 609 3666 supposito
629 3581 834 3664 iqnem
851 3578 1097 3643 diutius
1113 3577 1451 3661 ferventem
1473 3579 1607 3642 eius
1622 3586 1896 3643 ventrem
1919 3579 2377 3663 superfundite.
2397 3581 2760 3649 Audientes

173 3693 240 3745 30
279 3685 506 3747 autem
553 3678 832 3744 ministri
894 3678 1142 3744 dictum
1215 3678 1406 3743 citius
1458 3678 1771 3743 fecerunt.
1833 3677 2127 3761 Cumque
2191 3679 2432 3745 diutius
2480 3680 2761 3748 ferveret

279 3780 586 3856 cacabuS‚
636 3778 1029 3844 incendebat
1075 3796 1316 3842 manus
1359 3776 1758 3856 carnificum,
1802 3777 2180 3844 beatissimo
2223 3783 2446 3845 autem
2485 3783 2761 3866 martyri

280 3878 441 3944 nihi]
468 3878 772 3944 nocebat.
800 3876 1026 3942 Dixit
1007 3875 1413 3960 iniquissimo
1442 3876 1638 3942 iudici
1651 3876 1678 3915 ²
1685 3881 1973 3942 sanctus
2016 3876 2423 3944 Germanus:
2451 3879 2763 3946 Erubesce

277 3981 418 4042 iam
448 3997 589 4041 cam
603 3983 796 4060 patre
814 3984 922 4040 tuo
942 3974 1209 4056 diabolo,
1232 3995 1340 4059 qm
1328 3973 1641 4058 possidet
1668 3995 1780 4038 cor
1800 3981 2002 4057 naum,
2028 3981 2086 4039 et
2113 3996 2408 4061 coqnosce
2431 3977 2759 4044 dominum

280 4056 501 4143 Iesum
552 4075 898 4157 Christum,
940 4076 1052 4160 qui
1090 4072 1250 4139 mihi
1290 4079 1475 4138 tanta
1504 4072 1799 4156 beneficia
1814 4081 2113 4158 praestat
2141 4077 2212 4138 in
2245 4077 2383 4159 ipso
2406 4078 2761 4163 confidenti.

170 4196 238 4249 a
274 4176 656 4242 Antoninus
702 4194 975 4259 praeses
1026 4173 1230 4239 dixit·
1276 4173 1450 4254 Quae
1487 4181 1576 4238 est
1629 4174 1757 4237 ista
1802 4193 2040 4259 moytia
2082 4194 2195 4239 ars
2226 4177 2516 4259 ma9ica⁸
2553 4184 2760 4242 vestra

265 4275 802 4356 diristianorum,
824 4280 916 4352 ut,
940 4293 1052 4338 vas
1078 4272 1242 4336 nihil
1280 4273 1663 4354 sentiente-³⁴,
1706 4272 1860 4337 aliis
1895 4293 2106 4358 poena
2148 4281 2357 4338 cestra
2397 4276 2768 4341 sentiatur?

273 4375 529 4442 Beatus
573 4374 942 4440 Germanus
982 4371 1370 4456 respondit.
1407 4371 1512 4437 Sic
1553 4371 1631 4437 cle
1663 4370 1835 4444 cobis
1863 4379 2088 4437 sancta
2116 4371 2457 4456 Scriptura
2496 4374 2671 4457 dicit,
2695 4383 2764 4441 ut

272 4474 612 4540 audientes
636 4494 765 4538 non
794 4472 1082 4543 audiatis
1108 4478 1166 4536 et
1193 4469 1466 4537 videntes
1489 4491 1615 4536 non
1645 4471 2040 4558 intelleyatis.
2067 4470 2142 4537 Si
2169 4473 2327 4557 quid
2353 4472 2431 4538 cle
2452 4426 2762 4560 supplicio

277 4575 581 4660 mqitasti
600 4572 932 4657 infernali,
959 4590 1228 4654 casare,
1248 4569 1441 4636 iudea
1471 4571 1892 4656 maliqnitatis
1917 4590 2270 4655 oppressus.

348 4732 723 4799 4—¹(ets.*}
745 4730 1672 4799 itaxripekexpectantecodffle
1695 4728 1721 4763 ¹
1742 4746 1846 4784 om.
1868 4729 2223 4784 A.—⁸sicut
2242 4731 2370 4785 add.
2392 4731 2597 4786 1-st
2618 4731 2762 4800 (av.)

273 4811 922 4885 upum.;amriu
947 4811 1875 4868 H.A.V.Hantecorr.—⁸dioens
1898 4811 2048 4867 AM.
2074 4813 2460 4869 —⁸siccodd.

347 4900 419 4954 5.
439 4929 504 4940 —
522 4898 545 4932 ¹
563 4895 922 4966 reproicietur
940 4897 1024 4963 A,·
1042 4894 1575 4963 repropropicientur
1596 4895 1790 4963 ΗΜ
1807 4912 2020 4950 corn-
2038 4894 2204 4950 ’add
2225 4898 2765 4966 mamposta'nff—

273 4982 848 5050 'fflmpoeaiu
873 4977 1179 5033 1-421:
1202 4978 1330 5032 add.
1351 4981 1740 5047 ..προήλω
1762 4978 1841 5032 Π.
