3487 5450
1071 586 1515 641 memmio
1564 588 1981 641 ausmco.
2659 569 2755 643 33

277 774 729 840 kalendarium
791 776 1099 840 mensium
1156 775 1475 855 februarii
1528 783 1585 841 et
1646 778 1902 857 martii;
1958 782 2029 841 in
2082 776 2478 862 maryinibus
2544 782 2760 841 autem

284 873 630 959 adscripsit
656 894 889 939 manus
908 895 1071 940 saec.
1099 874 1175 939 X
1186 873 1528 940 Vindicem
1555 875 1852 941 Vitarum
1874 878 1944 940 in
1964 876 2283 942 volumine
2301 882 2754 962 comentarum,

281 995 504 1039 earum
531 993 749 1059 nempe
765 995 924 1060 quae
943 973 1235 1058 leyendae
1260 982 1408 1039 sunt
1436 997 1480 1039 a
1506 970 1798 1041 kalendis
1817 977 2113 1040 ianuarii
2140 975 2229 1040 ad
2250 975 2316 1041 d.
2328 976 2409 1040 14
2418 974 2755 1058 februarii.

880 1139 944 1204 2.
990 1138 1329 1204 Exmm
1370 1139 1757 1205 Mutinense
1796 1160 2149 1206 Ramnes,

367 1269 493 1335 Sa
537 1277 782 1336 constat
828 1270 1249 1336 voluminibus
1289 1271 1404 1356 (1),
1454 1293 1723 1357 quorum
1773 1274 2044 1358 quinque
2086 1272 2503 1356 membranea,
2543 1294 2751 1339 unum

281 1368 389 1451 (0.
419 1369 530 1454 12)
557 1369 959 1434 chartaceum
987 1378 1094 1452 est,
1126 1378 1181 1434 et
1210 1391 1373 1456 quae
1397 1372 1653 1455 paqinis
1676 1370 1813 1453 fere
1839 1370 2158 1456 bipartitis
2187 1372 2281 1455 (2)
2309 1379 2582 1437 exarata
2604 1380 2757 1439 sunt

282 1488 443 1534 saec.
466 1467 542 1533 X
554 1467 628 1533 V.
644 1468 927 1534 Litterae
948 1470 1228 1535 initiales
1244 1474 1489 1554 passim
1511 1490 1674 1535 auro
1695 1477 1753 1535 et
1771 1470 2081 1535 coloribus
2091 1470 2361 1555 pulchre
2375 1471 2673 1556 depictae.

366 1576 446 1633 Π
471 1570 547 1614 ¹14
579 1599 651 1621 =
690 1568 883 1633 coda
927 1570 1216 1652 siqnatus
1260 1568 1355 1633 Μ.
1381 1570 1443 1648 4,
1492 1569 1660 1633 alias
1699 1570 1845 1652 674,
1868 1570 2177 1652 foliorum
2218 1570 2342 1635 281
2370 1570 2627 1653 (0-,348
2687 1587 2740 1639 ><

280 1667 516 1749 0,257),
546 1674 805 1750 praeter
844 1667 1025 1731 duo'
1000 1689 1069 1730 m
1113 1669 1294 1731 initio
1338 1667 1585 1750 addita,
1613 1670 1681 1732 in
1726 1689 2000 1754 quorum
2019 1670 2241 1753 priore
2279 1668 2633 1754 desen-ipim
2666 1677 2758 1735 eet

279 1765 478 1830 indm:
539 1765 849 1850 Vitam-m,
893 1767 1166 1831 alterum
1211 1773 1421 1830 anetem
1464 1773 1665 1831 vacat.
1697 1766 1986 1831 Continet
2028 1767 2442 1831 volumem-1·
2466 1768 2540 1831 in
2569 1769 2752 1833 initio

281 1866 415 1929 tria
442 1864 816 1930 documenta
857 1865 948 1929 ad
974 1865 1247 1948 aprilem
1273 1867 1660 1949 spectantia;
1685 1866 1750 1929 2⁴³
1778 1886 2046 1931 metieem
2083 1865 2490 1949 februarium
2517 1866 2670 1932 inde
2712 1888 2758 1933 a

282 1964 386 2029 die
410 1965 529 2045 15,
546 1964 614 2028 3‘
640 1985 909 2029 mensem
939 1966 1285 2029 martium·
1257 2014 1279 2046 ,
1307 1964 1374 2027 4⁰
1403 1984 1670 2029 mensem
1698 1964 1990 2049 aprilem.

365 2063 478 2128 Ad
504 2063 726 2129 calcem
758 2063 1003 2128 adiecta
1026 2070 1113 2128 eet
1130 2063 1392 2148 paqella
1419 2061 1774 2145 chartacea,
1803 2065 1872 2126 in
1904 2084 2031 2150 qua
2073 2065 2404 2129 adnotatio
2445 2064 2758 2150 quaedam

282 2162 531 2248 leqitur,
558 2164 703 2247 ipsa
746 2182 946 2226 manu
988 2162 1064 2227 P.
1092 2162 1409 2243 Andreae,
1442 2162 1593 2227 olim
1633 2161 2106 2243 bibliothecarii,
2151 2170 2223 2227 ut
2249 2164 2519 2247 viddur,
2547 2163 2759 2228 Melli-

280 2263 500 2344 censis,
521 2264 906 2346 conscripsti,-
925 2282 1120 2348 quam
1149 2263 1320 2345 typis
1350 2264 1576 2326 iterum
1602 2269 2078 2346 repraesentare
2105 2263 2198 2347 (3)
2219 2264 2291 2326 in
2314 2264 2494 2349 qrati
2520 2283 2757 2329 memo-

277 2361 496 2446 riaque
515 2362 721 2425 animi
745 2362 1170 2425 testimonium
1191 2360 1500 2426 volumus.

360 2509 558 2574 Anno
609 2509 789 2587 1688,
838 2509 919 2574 27
979 2510 1398 2592 septembris,
1448 2509 1516 2574 in
1572 2528 1776 2576 causa
1831 2510 2424 2576 continuandorum
2480 2529 2757 2593 operum

274 2608 351 2674 P.
399 2607 699 2674 Bollandi
748 2608 922 2674 circa
958 2627 1310 2691 vesperam
1361 2608 1767 2674 diverterunt
1811 2609 1899 2674 ad
1939 2609 2413 2674 monasterium
2453 2611 2757 2675 nostrum

277 2706 411 2773 duo
439 2705 567 2772 PP.
594 2704 943 2773 Societatis
964 2706 1478 2791 Antverpienses
1523 2725 1606 2772 ex
1633 2707 1831 2773 domo
1852 2706 2152 2790 professa
2178 2706 2444 2786 ibidem,
2474 2727 2755 2792 quorum

276 2806 460 2890 prior
480 2806 690 2872 dictus
710 2806 830 2872 fuit
844 2806 1186 2872 Conradus
1208 2806 1579 2890 Ianningus,
1600 2807 1767 2872 alter
1789 2806 2172 2872 Franciscus
2195 2807 2515 2895 BaertiuS.
2538 2805 2625 2871 Hi
2649 2806 2754 2872 die

274 2906 599 2988 sequenti,
646 2906 823 2972 facta
877 2905 1100 2984 missa,
1149 2909 1473 2970 venerunt
1521 2905 1610 2970 ad
1664 2904 2127 2970 bibliothecam
2180 2911 2497 2985 nostram,
2527 2904 2750 2988 ibique

272 3004 583 3070 exhibitis
602 3003 851 3089 aliquot
868 3025 912 3071 a
939 3005 1128 3071 nobis
1158 3005 1443 3088 antiquis
1466 3008 1534 3069 et
1560 3004 1647 3071 ad
1666 3023 1812 3069 rem
1831 3004 2127 3087 ipsorum
2150 3003 2537 3070 facientibus
2567 3003 2746 3070 codi-

272 3103 478 3183 cibus,
499 3104 927 3169 obtinuerunt
954 3124 998 3170 a
1017 3104 1592 3169 Reverendissimo
1619 3103 1950 3169 licentiam
1978 3102 2292 3168 nonnulla
2320 3101 2746 3186 excerpendi3

273 3202 456 3288 quod
477 3207 546 3268 et
568 3203 639 3268 in
665 3203 935 3268 tertium
961 3200 1171 3287 usque
1216 3203 1394 3269 diem
1422 3202 1734 3281 fecerunt,
1761 3202 2153 3285 praesertim
2184 3222 2266 3269 ex
2292 3202 2754 3284 manuscriptis

272 3302 566 3386 quinque
593 3302 772 3367 libris
815 3302 899 3367 de
925 3302 1090 3367 Vitis
1118 3305 1496 3368 sanctorum
1536 3301 1607 3367 F.
1637 3300 2020 3367 christofori
2063 3300 2242 3380 Lieb‚
2272 3300 2552 3385 professi
2594 3299 2752 3365 olim

270 3402 504 3466 nostri.
547 3399 733 3479 Quae
773 3420 932 3465 vero
960 3401 1048 3466 ob
1090 3401 1407 3483 temporis
1450 3399 1789 3483 angustias
1831 3419 1915 3465 ex
1956 3399 2059 3464 his
2100 3399 2379 3483 aliisque
2420 3399 2752 3464 codicibus

273 3499 647 3566 describere
672 3519 807 3564 non
846 3503 1174 3583 poterant,
1204 3503 1384 3564 certo
1412 3499 1609 3564 modo
1638 3499 1998 3582 signarunt,
2027 3502 2103 3564 ut
2142 3498 2490 3565 commodo
2515 3497 2754 3564 deinde

272 3601 576 3681 tempore
594 3618 637 3664 a
657 3599 918 3664 novitiis
940 3599 1466 3665 describerentur
1496 3602 1563 3663 et
1581 3597 2015 3681 Antverpiam
2038 3598 2596 3663 submitterentur.
2618 3595 2754 3662 Sed

277 3702 350 3762 et
387 3699 890 3763 membraneum
931 3698 1265 3781 quendam
1305 3697 1595 3763 libellum
1640 3717 1764 3762 mS.
1816 3697 1884 3762 in
1934 3695 2145 3762 forma
2194 3697 2333 3774 8³1,
2382 3697 2486 3784 cui
2528 3695 2752 3761 afforis

275 3796 565 3863 titulus·
613 3797 763 3862 Vita
803 3796 870 3863 S.
914 3797 1373 3880 walburgis„
1411 3816 1635 3862 secum
1677 3816 1830 3861 cum
1871 3796 2166 3862 eiusdem
2199 3795 2752 3861 Reverendissimi

270 3896 537 3962 licentia
577 3900 972 3979 acceperunt
998 3916 1148 3961 cum
1184 3895 1577 3979 obligatione
1615 3894 2092 3978 chirographali
2139 3894 2263 3959 sub
2292 3894 2449 3960 dato
2478 3894 2561 3959 29
2604 3913 2754 3976 sep-

271 3996 570 4073 tembriS,
601 4014 802 4078 quam
838 3995 1013 4060 idem
1049 3994 1662 4060 Reverendissimus
1699 3994 1788 4060 ad
1814 4012 2052 4059 manus
2090 3993 2313 4069 habet,
2348 3996 2424 4058 ut
2461 3991 2749 4077 primum

269 4094 644 4176 descriptus
672 4094 887 4171 fuerit,
908 4094 1313 4159 remittendi.

359 4193 400 4258 3
429 4193 718 4258 octobris
752 4193 931 4258 1688.
2153 4190 2225 4254 P.
2267 4190 2585 4255 Annuus.

340 4376 417 4445 (1)
438 4376 747 4431 Elenchnm
763 4376 1029 4442 vitarum,
1041 4394 1178 4447 quas
1195 4377 1489 4440 continent,
1512 4376 1682 4430 edidit
1694 4375 1964 4430 himmas
1986 4373 2219 4436 Knorrr,
2237 4375 2568 4427 Bibliotheca
2581 4375 2753 4426 Melli-

271 4462 452 4514 censis
473 4459 664 4526 (1747),
696 4475 749 4527 p.
781 4459 992 4525 319·34;
1027 4461 1097 4514 de
1131 4460 1319 4514 codice
1343 4458 1400 4514 C.
1426 4458 1504 4513 12
1528 4457 1784 4513 uberiora
1803 4457 1914 4511 iam
1954 4456 2135 4510 videre
2159 4455 2326 4510 estin
2353 4455 2613 4523 Gataloyo
2633 4457 2751 4512 cod.

274 4559 450 4597 manu
470 4545 658 4610 script.
690 4544 788 4611 qui
820 4545 880 4596 in
901 4544 1023 4596 bibl.
1044 4551 1269 4596 monast.
1292 4543 1623 4596 Melliceneie
1642 4542 1701 4594 Ο.
1725 4541 1781 4594 S.
1798 4541 1866 4595 B.
1882 4547 2188 4603 sert-antur,
2207 4543 2245 4592 t.
2262 4538 2288 4591 1
2309 4538 2497 4605 (1889),
2513 4553 2567 4607 p.
2579 4538 2752 4593 2014.

273 4656 342 4668 -
366 4625 440 4692 (Ξ)
466 4624 645 4679 Lineis
676 4625 850 4692 plenis
891 4630 1115 4679 exarata
1147 4630 1273 4680 sunt
1297 4624 1428 4679 folia
1448 4625 1531 4678 11·
1534 4623 1596 4677 13
1630 4622 1831 4677 codicis
1861 4620 1930 4675 M.
1950 4622 1999 4676 4.
2025 4625 2082 4675 et
2103 4625 2253 4674 totus
2279 4621 2452 4675 codex
2489 4622 2547 4675 C.
2585 4620 2664 4675 12.
2687 4650 2754 4662 —·

273 4707 347 4774 (3)
373 4707 534 4761 mam
576 4724 644 4761 ex
669 4708 777 4761 hoc
818 4708 1159 4776 autographo
1200 4707 1378 4771 edidit,
1410 4722 1524 4761 non
1564 4711 1752 4759 tamen
1791 4704 2076 4771 integram,
2109 4703 2378 4758 marmus
2414 4703 2644 4766 hom,
2661 4720 2750 4771 op.

274 4794 384 4856 cit„
403 4806 455 4860 p.
473 4789 948 4854 334-35AEandem,
972 4791 1250 4845 nonnullis
1267 4794 1455 4844 tamen
1479 4787 1683 4857 passim
1699 4787 1920 4842 mutatis
1943 4786 2031 4840 vel
2050 4785 2283 4851 omissis,
2302 4787 2406 4840 'ex
2421 4786 2565 4840 libro
2589 4785 2755 4853 ephe·

273 4872 553 4928 meridum
576 4872 828 4926 abbatiae
852 4872 1221 4939 mellicensis,
1247 4871 1459 4942 accepit
1483 4876 1539 4926 et
1554 4870 1720 4925 edidit
1739 4869 1924 4935 Prrm,
1947 4853 2128 4924 E'tude
2150 4886 2255 4922 eur
2287 4871 2364 4923 le·
2383 4869 2752 4923 Bollandistoe

276 4954 683 5023 (1850),μῆ

541 5070 697 5109 mx..
726 5069 893 5118 ton...
925 5071 977 5110 r.
1010 5071 1138 5110 xvn.
2456 5051 2492 5104 3
