3487 5450
669 539 721 616 8
1561 559 1653 613 nc
1701 557 2257 614 mmommo

665 752 802 819 dies
844 752 930 817 31
969 749 1326 817 decernbris.
1375 750 1651 837 Insuper
1688 749 1965 816 dimidia
1986 770 2150 835 pars
2179 749 2299 833 fol.
2338 750 2468 815 117
2502 751 2713 815 excisa
2754 758 2841 816 est
2878 752 3000 835 (1);
3050 753 3122 817 in

667 852 850 918 cuius
861 858 1050 937 parte
1065 856 1235 916 recta
1255 851 1485 936 leyitur
1508 851 1745 937 integer
1764 851 1938 916 locus
1962 871 2040 915 ex
2072 849 2297 915 Adone
2315 849 2393 915 de
2422 848 2492 915 S.
2518 849 2787 915 Andrea
2812 851 2922 932 (30
2943 851 3141 936 nom),

666 953 741 1018 in
763 973 945 1018 versa
969 971 1113 1017 oero
1150 951 1452 1017 narratio
1478 950 1783 1042 acephala
1825 950 2158 1035 desumpta
2199 969 2275 1014 ex
2327 948 2477 1014 Vita
2518 948 2589 1015 S.
2627 947 2906 1033 Nicolai,
2937 952 3145 1016 inter-

666 1052 874 1118 mistis
895 1050 1281 1135 antiphonis,
1299 1070 1461 1136 quae
1480 1040 1878 1116 neuemtibioe
1905 1057 2159 1115 notatae
2190 1056 2361 1113 sunt.
2398 1047 2650 1113 Desinit
2679 1050 2983 1115 narratio
3011 1048 3141 1133 fine

668 1151 919 1233 midila,
937 1157 1121 1236 atque
1139 1149 1305 1233 folia
1331 1149 1458 1215 duo
1485 1149 1578 1215 vel
1598 1150 1751 1232 tria,
1772 1170 1931 1235 quae
1948 1148 2381 1235 sequebantur,
2399 1150 2611 1213 excisa
2628 1168 2754 1213 esse
2768 1150 3138 1234 inspicienti

670 1257 933 1317 constat
981 1248 1416 1316 Nihilominus
1461 1250 1532 1314 in
1567 1248 2135 1334 fol.118⁰⁰incipit
2182 1269 2226 1312 a
2266 1250 2469 1333 capite
2506 1246 2664 1312 liber
2704 1246 2860 1313 XII
2895 1255 3146 1335 niarty-

669 1349 921 1432 roloqii.

755 1448 895 1515 Fol.
923 1449 1181 1534 126-29,
1200 1447 1584 1513 Marciliide
1606 1446 1844 1513 Padusa
1864 1453 2174 1512 tractatus
2199 1446 2276 1512 de
2308 1446 2725 1513 translate'one
2760 1448 3014 1533 imperii
3046 1447 3137 1512 acl

676 1548 1048 1615 Germanos.

753 1645 991 1713 Ablata
1016 1654 1165 1712 sunt
1204 1666 1248 1710 a
1289 1646 1494 1711 codice
1532 1645 1904 1731 fraqmenta
1944 1666 2105 1711 saec.
2154 1644 2272 1709 XI
2305 1645 2382 1710 cle
2421 1645 2847 1710 ecclesiasticis
2879 1645 3140 1730 officiis,

673 1767 834 1835 quae
856 1747 1056 1812 olim
1028 1767 1102 1810 en
1117 1752 1462 1830 teyumcnto
1488 1753 1671 1811 erant
1694 1746 1811 1829 (2).

764 1847 974 1913 eaden
996 1867 1126 1912 non
1151 1848 1351 1913 solum
1380 1846 1728 1933 aliquando
1745 1847 2116 1911 monasterii
2145 1844 2609 1931 Teqernseensis
2630 1846 2780 1929 fuit,
2809 1846 2917 1911 sed
2935 1808 3127 1912 etiam

672 1946 746 2011 in
760 1946 938 2012 illius
951 1946 1236 2031 qratiam
1267 1952 1573 2011 exaratus
1610 1952 1722 2011 est.
1763 1945 2069 2027 Quamvis
2092 1947 2258 2010 enim
2287 1945 2374 2009 ad
2402 1945 2470 2013 d.
2501 1947 2585 2011 25
2611 1947 2844 2010 martii
2870 1945 2938 2011 S.
2976 1947 3140 2028 Qui-

672 2046 881 2128 rinus,
919 2047 1288 2111 monasterii
1320 2052 1653 2130 patronus,
1680 2046 1863 2111 tertio
1889 2052 2143 2109 tantum
2170 2045 2300 2109 loco
2341 2046 2411 2109 in
2449 2045 2902 2131 martyroloqio
2927 2047 3136 2111 nomi·

673 2151 934 2211 aduret
958 2146 1030 2210 in
1047 2137 1425 2211 kalendario
1450 2144 1542 2210 ad
1568 2144 1635 2210 d.
1658 2145 1745 2209 w
1762 2144 2025 2209 octobris
2043 2144 2381 2210 Dedicatio
2403 2144 2634 2211 ecloeie
2667 2146 2736 2211 S.
2770 2144 3020 2224 Quirini
3046 2165 3138 2211 m.

675 2245 815 2311 alia
842 2245 1497 2330 manupostprimam
1521 2243 1671 2309 libri
1688 2240 2089 2328 scriptionem
2109 2243 2334 2308 addita
2355 2246 2458 2325 sit,
2484 2251 2762 2309 attamen
2804 2245 2873 2308 in
2915 2243 3126 2310 'eodem

674 2342 1050 2409 kalendario
1089 2344 1180 2409 ad
1207 2343 1274 2409 d.
1319 2344 1402 2408 25
1428 2345 1654 2409 martii
1678 2343 1908 2409 Passio
1935 2342 2005 2408 S.
2040 2342 2260 2426 Cyrini
2300 2362 2392 2408 m.
2425 2342 2772 2408 maioribus
2797 2343 3043 2428 litteris,
3070 2350 3128 2409 et

676 2442 928 2530 quidem
945 2443 1164 2508 statim
1172 2449 1319 2528 pest
1349 2445 1383 2476 “
1405 2442 1978 2508 Adnuntiationem
2002 2441 2072 2507 S.
2102 2441 2359 2507 Mariae
2388 2493 2439 2525 „
2467 2441 2872 2509 honoratiore
2897 2444 3130 2507 scilicet

580 2535 588 2541 ’
677 2543 830 2625 loco,
852 2562 1053 2608 manu
1069 2543 1292 2627 prima
1312 2542 1634 2628 *inscripta
1661 2550 1775 2607 est.

761 2754 1237 2823 Kalendarium
1265 2756 1356 2822 ad
1392 2777 1691 2823 normam
1725 2755 2170 2841 martyroloqii
2210 2754 2689 2840 Wolfharcliani
2726 2757 3139 2841 compositum

680 2862 791 2921 est.
835 2855 1059 2922 Sancti
1096 2877 1331 2941 nempe,
1369 2855 1447 2921 de
1486 2855 1709 2942 quibus
1751 2857 1823 2920 in
1862 2855 2315 2940 martyroloqio
2353 2855 2428 2937 fit
2468 2856 2717 2938 mentio,
2757 2876 2888 2921 non
2921 2876 3134 2922 omnes

679 2956 910 3042 utique,
936 2992 1021 3006 —
1047 2956 1216 3042 quod
1250 2956 1445 3038 facile
1467 2956 1995 3041 intelleqitur,-—
1917 2955 2139 3021 -sed
2181 2956 2367 3020 innui
2405 2961 2616 3020 tamen
2655 2958 2954 3040 inscripti
2997 2963 3147 3021 sunt

679 3054 918 3120 iidem
891 3076 962 3119 in
980 3054 1379 3139 kalendario,
1406 3062 1463 3121 et
1483 3055 1735 3142 quIdem
1758 3055 1893 3138 fere
1918 3055 2143 3120 iisdem
2162 3054 2411 3136 diebus,·
2435 3054 2788 3119 notandum
2819 3063 3029 3121 autem
3057 3062 3151 3120 est

678 3174 757 3220 κε
774 3155 1011 3220 sanctis
1053 3154 1187 3220 illis
1226 3155 1615 3221 nonnullos
1587 3176 1657 3220 m
1685 3155 1837 3219 aliis
1855 3156 2137 3240 antiquis
2176 3153 2669 3240 martyroloqiis,
2697 3175 2859 3240 quae
2884 3154 3135 3240 quidem

680 3250 849 3317 edita
867 3257 1033 3333 sunt,
1047 3251 1136 3317 vel
1151 3251 1329 3316 nullo
1348 3251 1555 3334 modo,
1571 3273 1716 3317 -υ,
1723 3272 1788 3336 9.
1799 3249 2209 3336 Epiphanius
2234 3247 2581 3317 Ticinensis
2608 3250 2696 3316 ad
2715 3251 2780 3317 d.
2791 3252 2882 3317 22
2893 3255 3048 3332 ian„
3071 3288 3158 3301 —-

680 3350 775 3416 vel
815 3349 1034 3416 saltem
1075 3351 1212 3416 alia
1251 3350 1367 3428 die,
1401 3376 1483 3399 —·
1508 3358 1581 3416 ut
1603 3350 1996 3416 Frontonius
2024 3351 2113 3415 acl
2152 3350 2216 3415 d.
2244 3351 2327 3415 24
2357 3371 2523 3435 apr„
2552 3349 2939 3416 Eustachius
2965 3351 3057 3416 ad
3077 3350 3149 3417 d.

681 3450 769 3514 w
791 3455 961 3534 sept„
982 3448 1317 3515 Sollemnis
1342 3449 1752 3515 carnotensis
1768 3449 1859 3514 ad
1884 3449 1946 3515 d.
1975 3450 2058 3514 24
2077 3471 2243 3532 nov„
2274 3487 2352 3499 —
2376 3450 2715 3516 adnotatos
2735 3472 2883 3517 esse.

776 3548 1128 3614 Oscitanter
1151 3555 1360 3614 autem
1387 3549 1738 3635 aliquando
1766 3550 1909 3635 leqit
1935 3548 2302 3614 kalendarii
2326 3557 2549 3615 auctor
2566 3571 2661 3633 ea,
2690 3572 2853 3636 quae
2878 3553 2947 3616 in
2970 3574 3160 3618 mar-

684 3648 992 3734 tyroloqio
1016 3651 1255 3734 scripta
1273 3656 1478 3730 erant,
1489 3657 1562 3714 ut
1580 3669 2059 3734 nonnumquam
2087 3648 2323 3714 absona-
2347 3650 2662 3735 quaedam
2683 3653 2813 3736 ipse
2834 3654 3156 3720 insereret.

685 3747 795 3814 Ita
813 3747 904 3812 acl
930 3747 995 3813 d.
1024 3749 1111 3813 17
1128 3747 1288 3832 febr.
1337 3757 1601 3814 recenset
1644 3747 2014 3813 memoriam
2054 3748 2126 3815 S.
2157 3748 2619 3833 Thesiphonlis
2657 3770 2760 3834 ep.
2783 3758 2840 3815 et
2859 3751 2927 3818 S.
2956 3751 3161 3819 Polo-

686 3846 933 3914 chronii
974 3867 1099 3931 ep„
1127 3847 1282 3912 dnm
1317 3849 1548 3913 rectius
1605 3846 2026 3929 Wolfhardus
2043 3869 2067 3911 .·
2106 3847 2308 3914 Beate
2355 3850 2669 3916 memorie
2716 3849 3146 3933 polochronii,

683 3946 1064 4014 Babiloniae
1086 3949 1153 4013 et
1178 3946 1535 4014 Hesifontis
1557 3947 1864 4030 episcopi,
1890 3947 2188 4013 natalis...
2211 3948 2443 4031 agitur.
2464 3948 2624 4013 Item
2653 3949 2743 4014 ad
2768 3949 2833 4015 d.
2858 3950 2903 4015 8
2929 3952 3154 4015 martii

687 4046 999 4130 inscripta
1024 4053 1175 4111 sunt
1199 4047 1270 4110 in
1290 4044 1665 4112 kalendario
1692 4047 1955 4111 nomina
1978 4046 2045 4113 S.
2072 4046 2373 4114 Pontiani
2395 4052 2588 4113 mart.
2610 4055 2666 4113 et
2693 4048 2998 4133 Cypriani
3022 4070 3106 4134 ep
3118 4100 3158 4130 .‚

711 4144 1129 4231 Wolfhardus
1172 4153 1380 4211 autem
1402 4170 1425 4211 .·
1455 4146 1636 4214 beati
1673 4146 1979 4212 Pontiani
2021 4146 2522 4230 Cartaginensis‚
2567 4148 2863 4233 discipuli
2912 4151 3150 4234 egregii

693 4246 1082 4329 martyria...
1108 4244 1417 4330 Cypriani
1445 4245 1751 4330 episcopi.
1782 4244 1997 4310 Simili
2028 4245 2223 4329 plane
2261 4246 2445 4311 modo
2487 4246 2576 4311 ad
2608 4247 2674 4312 d.
2717 4249 2802 4312 20
2831 4257 3020 4314 mart.
3048 4251 3146 4314 ita

666 4343 1145 4410 -kalendarium
1172 4368 1196 4410 .·
1245 4345 1432 4412 Pauli
1455 4346 1799 4429 Archippi3
1855 4351 1923 4409 at
1968 4343 2387 4426 Wolfhardus
2412 4368 2435 4410 .·
2473 4347 2650 4413 beati
2683 4349 3140 4415 commilitonis

692 4444 882 4511 Pauli
905 4444 1220 4529 Archippi
1246 4445 1565 4512 memoria
1588 4448 1987 4511 recensetur.
2023 4444 2199 4525 Quae
2224 4448 2438 4511 omnia
2464 4446 2644 4511 haud
2670 4446 2924 4512 obscure
2949 4455 3152 4513 osten-

695 4543 857 4610 dunt
875 4545 1171 4629 quisnam
1193 4544 1393 4628 fuerit
1417 4543 1785 4609 kalendarii
1819 4543 2287 4631 Teqernseensis
2308 4546 2457 4629 fons
2473 4548 2880 4632 praecipuus.

670 4803 673 4806 ’
764 4839 841 4910 (ι)
860 4840 1076 4898 ronam
1109 4842 1209 4899 108
1238 4842 1352 4898 iam
1373 4842 1445 4898 ab
1478 4841 1634 4897 initio
1666 4841 1892 4898 dimidia
1911 4846 2066 4912 parte
2088 4843 2269 4899 minus
2299 4842 2403 4899 ruit
2423 4844 2635 4900 ceteris.
2654 4872 2724 4885 -
2753 4845 2828 4911 (2)
2851 4844 2936 4900 ct.
2971 4846 3163 4901 cam.

698 4926 814 4980 eod.
833 4927 929 4980 lat.
949 4925 1073 4981 bibl.
1089 4943 1204 4997 req.
1220 4927 1453 4992 Monac„
1475 4929 1517 4981 t.
1540 4925 1610 4993 11,
1632 4942 1707 4992 m,
1731 4942 1788 4995 p.
1814 4925 1927 4982 132.
