<?xml version="1.0" encoding="UTF-8"?>
<!DOCTYPE html PUBLIC "-//W3C//DTD XHTML 1.0 Transitional//EN"
    "http://www.w3.org/TR/xhtml1/DTD/xhtml1-transitional.dtd">
<html xmlns="http://www.w3.org/1999/xhtml" xml:lang="en" lang="en">
 <head>
  <title>
</title>
<meta http-equiv="Content-Type" content="text/html;charset=utf-8" />
  <meta name='ocr-system' content='tesseract 3.04.00' />
  <meta name='ocr-capabilities' content='ocr_page ocr_carea ocr_par ocr_line ocrx_word'/>
</head>
<body>
  <div class='ocr_page' id='page_1' title='image "analectabolland01bollgoog_0169.png"; bbox 0 0 3487 5450; ppageno 0'>
   <div class='ocr_carea' id='block_1_1' title="bbox 1117 578 2788 653">
    <p class='ocr_par' dir='ltr' id='par_1_1' title="bbox 1117 578 2788 653">
     <span class='ocr_line' id='line_1_1' title="bbox 1117 578 2788 653; baseline -0.001 -2"><span class='ocrx_word' id='word_1_1' title='bbox 1117 599 1542 653; x_wconf 70' lang='lat' dir='ltr'><strong>Arrnnmcns</strong></span> <span class='ocrx_word' id='word_1_2' title='bbox 1591 600 1717 652; x_wconf 83' lang='lat' dir='ltr'><strong>vm</strong></span> <span class='ocrx_word' id='word_1_3' title='bbox 1768 598 1859 651; x_wconf 79' lang='lat' dir='ltr'><strong>m·</strong></span> <span class='ocrx_word' id='word_1_4' title='bbox 1911 599 2007 651; x_wconf 78' lang='lat'><strong>11.</strong></span> <span class='ocrx_word' id='word_1_5' title='bbox 2652 578 2788 651; x_wconf 81' lang='lat'><strong>159</strong></span> 
     </span>
    </p>
   </div>
   <div class='ocr_carea' id='block_1_2' title="bbox 1118 938 1994 1008">
    <p class='ocr_par' dir='ltr' id='par_1_2' title="bbox 1118 938 1994 1008">
     <span class='ocr_line' id='line_1_2' title="bbox 1118 938 1994 1008; baseline 0.007 -6"><span class='ocrx_word' id='word_1_6' title='bbox 1118 938 1277 1003; x_wconf 84' lang='lat' dir='ltr'><strong>VIII.</strong></span> <span class='ocrx_word' id='word_1_7' title='bbox 1321 938 1430 1003; x_wconf 81' lang='lat' dir='ltr'><strong>DE</strong></span> <span class='ocrx_word' id='word_1_8' title='bbox 1471 939 1543 1004; x_wconf 93' lang='lat' dir='ltr'><strong>B.</strong></span> <span class='ocrx_word' id='word_1_9' title='bbox 1586 939 1994 1008; x_wconf 84' lang='lat' dir='ltr'>HERLUCA</span> 
     </span>
    </p>
   </div>
   <div class='ocr_carea' id='block_1_3' title="bbox 314 1133 2798 1603">
    <p class='ocr_par' dir='ltr' id='par_1_3' title="bbox 314 1133 2798 1603">
     <span class='ocr_line' id='line_1_3' title="bbox 386 1133 2794 1207; baseline 0 -19"><span class='ocrx_word' id='word_1_10' title='bbox 386 1133 495 1201; x_wconf 90' lang='lat' dir='ltr'><strong>Qui</strong></span> <span class='ocrx_word' id='word_1_11' title='bbox 520 1134 702 1189; x_wconf 81' lang='lat' dir='ltr'><strong>Vitam</strong></span> <span class='ocrx_word' id='word_1_12' title='bbox 724 1134 905 1190; x_wconf 90' lang='lat' dir='ltr'><strong>S.1tae</strong></span> <span class='ocrx_word' id='word_1_13' title='bbox 939 1137 1255 1190; x_wconf 83' lang='lat' dir='ltr'><strong>retractavit</strong></span> <span class='ocrx_word' id='word_1_14' title='bbox 1276 1137 1367 1203; x_wconf 84' lang='lat' dir='ltr'><strong>(l),</strong></span> <span class='ocrx_word' id='word_1_15' title='bbox 1385 1143 1509 1206; x_wconf 89' lang='lat' dir='ltr'><strong>post</strong></span> <span class='ocrx_word' id='word_1_16' title='bbox 1531 1143 1695 1207; x_wconf 79' lang='lat' dir='ltr'><strong>caput</strong></span> <span class='ocrx_word' id='word_1_17' title='bbox 1717 1138 1867 1203; x_wconf 89' lang='lat' dir='ltr'><strong>illud,</strong></span> <span class='ocrx_word' id='word_1_18' title='bbox 1892 1138 1949 1192; x_wconf 91' lang='lat' dir='ltr'><strong>in</strong></span> <span class='ocrx_word' id='word_1_19' title='bbox 1975 1154 2085 1207; x_wconf 86' lang='lat' dir='ltr'><strong>quo</strong></span> <span class='ocrx_word' id='word_1_20' title='bbox 2110 1138 2340 1205; x_wconf 71' lang='lat' dir='ltr'><strong>legimus</strong></span> <span class='ocrx_word' id='word_1_21' title='bbox 2364 1141 2612 1192; x_wconf 76' lang='lat' dir='ltr'><strong>sanctam</strong></span> <span class='ocrx_word' id='word_1_22' title='bbox 2634 1136 2794 1203; x_wconf 76' lang='lat' dir='ltr'><strong>virgi-</strong></span> 
     </span>
     <span class='ocr_line' id='line_1_4' title="bbox 315 1234 2798 1305; baseline 0.001 -17"><span class='ocrx_word' id='word_1_23' title='bbox 315 1251 452 1289; x_wconf 89' lang='lat' dir='ltr'><strong>nem</strong></span> <span class='ocrx_word' id='word_1_24' title='bbox 471 1250 584 1289; x_wconf 85' lang='lat' dir='ltr'><strong>una</strong></span> <span class='ocrx_word' id='word_1_25' title='bbox 603 1234 722 1289; x_wconf 82' lang='lat' dir='ltr'><strong>vice</strong></span> <span class='ocrx_word' id='word_1_26' title='bbox 743 1240 854 1290; x_wconf 75' lang='lat' dir='ltr'><strong>tres</strong></span> <span class='ocrx_word' id='word_1_27' title='bbox 873 1242 1122 1291; x_wconf 89' lang='lat' dir='ltr'><strong>mortuos</strong></span> <span class='ocrx_word' id='word_1_28' title='bbox 1140 1238 1430 1291; x_wconf 82' lang='lat' dir='ltr'><strong>suscitasse</strong></span> <span class='ocrx_word' id='word_1_29' title='bbox 1452 1239 1544 1305; x_wconf 70' lang='grc' dir='ltr'>(Ξ),</span> <span class='ocrx_word' id='word_1_30' title='bbox 1566 1240 1795 1293; x_wconf 78' lang='lat' dir='ltr'><strong>brevem</strong></span> <span class='ocrx_word' id='word_1_31' title='bbox 1828 1239 2198 1293; x_wconf 85' lang='lat' dir='ltr'><strong>narrationem</strong></span> <span class='ocrx_word' id='word_1_32' title='bbox 2220 1240 2288 1292; x_wconf 87' lang='lat' dir='ltr'><strong>de</strong></span> <span class='ocrx_word' id='word_1_33' title='bbox 2306 1238 2359 1294; x_wconf 89' lang='lat' dir='ltr'><strong>S.</strong></span> <span class='ocrx_word' id='word_1_34' title='bbox 2385 1238 2623 1291; x_wconf 87' lang='lat' dir='ltr'><strong>Herluca</strong></span> <span class='ocrx_word' id='word_1_35' title='bbox 2650 1237 2798 1290; x_wconf 87' lang='lat' dir='ltr'><strong>inse-</strong></span> 
     </span>
     <span class='ocr_line' id='line_1_5' title="bbox 314 1333 2798 1405; baseline 0 -18"><span class='ocrx_word' id='word_1_36' title='bbox 314 1333 447 1399; x_wconf 81' lang='lat' dir='ltr'><strong>ruit,</strong></span> <span class='ocrx_word' id='word_1_37' title='bbox 477 1349 648 1403; x_wconf 88' lang='lat' dir='ltr'><strong>quam</strong></span> <span class='ocrx_word' id='word_1_38' title='bbox 684 1334 743 1388; x_wconf 91' lang='lat' dir='ltr'><strong>in</strong></span> <span class='ocrx_word' id='word_1_39' title='bbox 769 1333 888 1389; x_wconf 86' lang='lat' dir='ltr'><strong>Vita</strong></span> <span class='ocrx_word' id='word_1_40' title='bbox 913 1334 1199 1400; x_wconf 84' lang='lat' dir='ltr'><strong>Herlucae‚</strong></span> <span class='ocrx_word' id='word_1_41' title='bbox 1222 1352 1256 1390; x_wconf 90' lang='lat' dir='ltr'><strong>a</strong></span> <span class='ocrx_word' id='word_1_42' title='bbox 1280 1335 1452 1390; x_wconf 84' lang='lat' dir='ltr'><strong>Paulo</strong></span> <span class='ocrx_word' id='word_1_43' title='bbox 1486 1336 1869 1391; x_wconf 88' lang='lat' dir='ltr'><strong>Bernriedensi</strong></span> <span class='ocrx_word' id='word_1_44' title='bbox 1908 1337 2229 1405; x_wconf 87' lang='lat' dir='ltr'><strong>conscripta,</strong></span> <span class='ocrx_word' id='word_1_45' title='bbox 2261 1337 2487 1391; x_wconf 89' lang='lat' dir='ltr'><strong>minime</strong></span> <span class='ocrx_word' id='word_1_46' title='bbox 2522 1341 2607 1390; x_wconf 89' lang='lat' dir='ltr'><strong>est</strong></span> <span class='ocrx_word' id='word_1_47' title='bbox 2641 1350 2798 1402; x_wconf 84' lang='lat' dir='ltr'><strong>repe·</strong></span> 
     </span>
     <span class='ocr_line' id='line_1_6' title="bbox 315 1432 2796 1505; baseline 0 -18"><span class='ocrx_word' id='word_1_48' title='bbox 315 1433 430 1487; x_wconf 86' lang='lat' dir='ltr'><strong>rire</strong></span> <span class='ocrx_word' id='word_1_49' title='bbox 450 1432 525 1501; x_wconf 83' lang='grc'><strong>(3)</strong></span> <span class='ocrx_word' id='word_1_50' title='bbox 538 1453 552 1498; x_wconf 86' lang='lat'><strong>;</strong></span> <span class='ocrx_word' id='word_1_51' title='bbox 571 1450 752 1502; x_wconf 87' lang='lat' dir='ltr'><strong>neque</strong></span> <span class='ocrx_word' id='word_1_52' title='bbox 775 1435 827 1488; x_wconf 89' lang='lat' dir='ltr'><strong>id</strong></span> <span class='ocrx_word' id='word_1_53' title='bbox 851 1435 1053 1488; x_wconf 87' lang='lat' dir='ltr'><strong>mirum</strong></span> <span class='ocrx_word' id='word_1_54' title='bbox 1077 1440 1175 1499; x_wconf 86' lang='lat' dir='ltr'><strong>est,</strong></span> <span class='ocrx_word' id='word_1_55' title='bbox 1200 1451 1327 1489; x_wconf 88' lang='lat' dir='ltr'><strong>cum</strong></span> <span class='ocrx_word' id='word_1_56' title='bbox 1350 1435 1438 1490; x_wconf 85' lang='lat' dir='ltr'><strong>hic</strong></span> <span class='ocrx_word' id='word_1_57' title='bbox 1465 1435 1620 1491; x_wconf 89' lang='lat' dir='ltr'><strong>Pauli</strong></span> <span class='ocrx_word' id='word_1_58' title='bbox 1642 1436 1861 1491; x_wconf 87' lang='lat' dir='ltr'><strong>libellus</strong></span> <span class='ocrx_word' id='word_1_59' title='bbox 1881 1438 1967 1492; x_wconf 81' lang='lat' dir='ltr'><strong>vel</strong></span> <span class='ocrx_word' id='word_1_60' title='bbox 1991 1452 2294 1505; x_wconf 84' lang='lat' dir='ltr'><strong>numquam</strong></span> <span class='ocrx_word' id='word_1_61' title='bbox 2316 1436 2589 1504; x_wconf 83' lang='lat' dir='ltr'><strong>perfectus</strong></span> <span class='ocrx_word' id='word_1_62' title='bbox 2612 1436 2683 1488; x_wconf 89' lang='lat' dir='ltr'><strong>sit</strong></span> <span class='ocrx_word' id='word_1_63' title='bbox 2705 1434 2796 1501; x_wconf 80' lang='lat'><strong>(4).</strong></span> 
     </span>
     <span class='ocr_line' id='line_1_7' title="bbox 319 1533 1507 1603; baseline 0.004 -17"><span class='ocrx_word' id='word_1_64' title='bbox 319 1534 411 1587; x_wconf 78' lang='lat' dir='ltr'><strong>vel</strong></span> <span class='ocrx_word' id='word_1_65' title='bbox 433 1538 585 1587; x_wconf 88' lang='lat' dir='ltr'><strong>certe</strong></span> <span class='ocrx_word' id='word_1_66' title='bbox 602 1549 717 1587; x_wconf 90' lang='lat' dir='ltr'><strong>non</strong></span> <span class='ocrx_word' id='word_1_67' title='bbox 741 1533 952 1601; x_wconf 69' lang='lat' dir='ltr'><strong>integer</strong></span> <span class='ocrx_word' id='word_1_68' title='bbox 973 1535 1044 1588; x_wconf 90' lang='lat' dir='ltr'><strong>ad</strong></span> <span class='ocrx_word' id='word_1_69' title='bbox 1060 1551 1166 1588; x_wconf 91' lang='lat' dir='ltr'><strong>nos</strong></span> <span class='ocrx_word' id='word_1_70' title='bbox 1182 1536 1507 1603; x_wconf 82' lang='lat' dir='ltr'><strong>pervenerit.</strong></span> 
     </span>
    </p>
   </div>
   <div class='ocr_carea' id='block_1_4' title="bbox 321 1632 2791 1799">
    <p class='ocr_par' dir='ltr' id='par_1_4' title="bbox 321 1632 2791 1799">
     <span class='ocr_line' id='line_1_8' title="bbox 389 1632 2791 1707; baseline 0.001 -21"><span class='ocrx_word' id='word_1_71' title='bbox 389 1633 599 1687; x_wconf 81' lang='lat' dir='ltr'><strong>Auctor</strong></span> <span class='ocrx_word' id='word_1_72' title='bbox 620 1632 964 1707; x_wconf 85' lang='lat' dir='ltr'><strong>narrationis.</strong></span> <span class='ocrx_word' id='word_1_73' title='bbox 987 1638 1048 1687; x_wconf 90' lang='lat' dir='ltr'><strong>ut</strong></span> <span class='ocrx_word' id='word_1_74' title='bbox 1070 1635 1162 1702; x_wconf 88' lang='lat' dir='ltr'><strong>qui</strong></span> <span class='ocrx_word' id='word_1_75' title='bbox 1187 1650 1306 1688; x_wconf 89' lang='lat' dir='ltr'><strong>rem</strong></span> <span class='ocrx_word' id='word_1_76' title='bbox 1326 1639 1530 1690; x_wconf 58' lang='lat' dir='ltr'><strong>nostris</strong></span> <span class='ocrx_word' id='word_1_77' title='bbox 1549 1637 1882 1704; x_wconf 63' lang='lat' dir='ltr'><strong>temporibus</strong></span> <span class='ocrx_word' id='word_1_78' title='bbox 1899 1641 2106 1703; x_wconf 74' lang='lat' dir='ltr'><strong>gestam</strong></span> <span class='ocrx_word' id='word_1_79' title='bbox 2124 1652 2242 1691; x_wconf 89' lang='lat' dir='ltr'><strong>esse</strong></span> <span class='ocrx_word' id='word_1_80' title='bbox 2265 1641 2508 1700; x_wconf 83' lang='lat' dir='ltr'><strong>testetur,</strong></span> <span class='ocrx_word' id='word_1_81' title='bbox 2528 1635 2677 1690; x_wconf 87' lang='lat' dir='ltr'><strong>haud</strong></span> <span class='ocrx_word' id='word_1_82' title='bbox 2695 1635 2791 1689; x_wconf 90' lang='lat' dir='ltr'><strong>diu</strong></span> 
     </span>
     <span class='ocr_line' id='line_1_9' title="bbox 321 1731 1680 1799; baseline 0.004 -15"><span class='ocrx_word' id='word_1_83' title='bbox 321 1734 452 1798; x_wconf 86' lang='lat' dir='ltr'><strong>post</strong></span> <span class='ocrx_word' id='word_1_84' title='bbox 466 1736 709 1786; x_wconf 85' lang='lat' dir='ltr'><strong>mortem</strong></span> <span class='ocrx_word' id='word_1_85' title='bbox 727 1731 997 1786; x_wconf 85' lang='lat' dir='ltr'><strong>Herlucae</strong></span> <span class='ocrx_word' id='word_1_86' title='bbox 1015 1733 1076 1798; x_wconf 83' lang='lat'><strong>(†</strong></span> <span class='ocrx_word' id='word_1_87' title='bbox 1097 1749 1194 1786; x_wconf 83' lang='lat' dir='ltr'><strong>cca</strong></span> <span class='ocrx_word' id='word_1_88' title='bbox 1214 1734 1362 1799; x_wconf 75' lang='lat'>1127)</span> <span class='ocrx_word' id='word_1_89' title='bbox 1388 1734 1680 1789; x_wconf 82' lang='lat' dir='ltr'><strong>scribebat.</strong></span> 
     </span>
    </p>
   </div>
   <div class='ocr_carea' id='block_1_5' title="bbox 235 1893 2807 3071">
    <p class='ocr_par' dir='ltr' id='par_1_5' title="bbox 324 1893 2805 2278">
     <span class='ocr_line' id='line_1_10' title="bbox 408 1893 2802 1987; baseline 0.001 -28"><span class='ocrx_word' id='word_1_90' title='bbox 408 1893 634 1960; x_wconf 87' lang='lat' dir='ltr'><strong>Simile</strong></span> <span class='ocrx_word' id='word_1_91' title='bbox 678 1894 993 1978; x_wconf 85' lang='lat' dir='ltr'><strong>quiddam</strong></span> <span class='ocrx_word' id='word_1_92' title='bbox 1034 1897 1273 1962; x_wconf 86' lang='lat' dir='ltr'><strong>nostris</strong></span> <span class='ocrx_word' id='word_1_93' title='bbox 1313 1898 1720 1980; x_wconf 78' lang='lat' dir='ltr'><strong>temporibus</strong></span> <span class='ocrx_word' id='word_1_94' title='bbox 1760 1903 2017 1987; x_wconf 85' lang='lat' dir='ltr'><strong>gestum</strong></span> <span class='ocrx_word' id='word_1_95' title='bbox 2055 1903 2152 1962; x_wconf 90' lang='lat' dir='ltr'><strong>est</strong></span> <span class='ocrx_word' id='word_1_96' title='bbox 2210 1898 2273 1961; x_wconf 91' lang='lat' dir='ltr'><strong>in</strong></span> <span class='ocrx_word' id='word_1_97' title='bbox 2305 1898 2598 1966; x_wconf 83' lang='lat' dir='ltr'><strong>,Bavaria</strong></span> <span class='ocrx_word' id='word_1_98' title='bbox 2651 1917 2802 1963; x_wconf 89' lang='lat' dir='ltr'><strong>cum</strong></span> 
     </span>
     <span class='ocr_line' id='line_1_11' title="bbox 325 1993 2804 2080; baseline 0.001 -21"><span class='ocrx_word' id='word_1_99' title='bbox 325 1995 526 2060; x_wconf 87' lang='lat' dir='ltr'><strong>beata</strong></span> <span class='ocrx_word' id='word_1_100' title='bbox 553 1995 801 2077; x_wconf 81' lang='lat' dir='ltr'><strong>virgine</strong></span> <span class='ocrx_word' id='word_1_101' title='bbox 844 1993 1145 2061; x_wconf 88' lang='lat' dir='ltr'><strong>Herluca.</strong></span> <span class='ocrx_word' id='word_1_102' title='bbox 1173 1996 1345 2061; x_wconf 90' lang='lat' dir='ltr'><strong>Nam</strong></span> <span class='ocrx_word' id='word_1_103' title='bbox 1373 1998 1441 2062; x_wconf 93' lang='lat' dir='ltr'><strong>in</strong></span> <span class='ocrx_word' id='word_1_104' title='bbox 1483 2002 1781 2064; x_wconf 81' lang='lat' dir='ltr'><strong>extremo</strong></span> <span class='ocrx_word' id='word_1_105' title='bbox 1822 1999 2041 2064; x_wconf 89' lang='lat' dir='ltr'><strong>iacens</strong></span> <span class='ocrx_word' id='word_1_106' title='bbox 2084 2018 2289 2080; x_wconf 85' lang='lat' dir='ltr'><strong>agone</strong></span> <span class='ocrx_word' id='word_1_107' title='bbox 2333 1999 2601 2080; x_wconf 86' lang='lat' dir='ltr'><strong>quidam</strong></span> <span class='ocrx_word' id='word_1_108' title='bbox 2654 1998 2804 2062; x_wconf 90' lang='lat' dir='ltr'><strong>reli·</strong></span> 
     </span>
     <span class='ocr_line' id='line_1_12' title="bbox 324 2094 2803 2179; baseline 0 -19"><span class='ocrx_word' id='word_1_109' title='bbox 324 2095 544 2178; x_wconf 83' lang='lat' dir='ltr'><strong>giosus</strong></span> <span class='ocrx_word' id='word_1_110' title='bbox 596 2094 978 2172; x_wconf 76' lang='lat' dir='ltr'><strong>monachu5‚</strong></span> <span class='ocrx_word' id='word_1_111' title='bbox 1042 2096 1304 2160; x_wconf 87' lang='lat' dir='ltr'><strong>nomine</strong></span> <span class='ocrx_word' id='word_1_112' title='bbox 1359 2096 1827 2179; x_wconf 76' lang='lat' dir='ltr'><strong>WeringariuS‚</strong></span> <span class='ocrx_word' id='word_1_113' title='bbox 1892 2097 2104 2162; x_wconf 88' lang='lat' dir='ltr'><strong>dilecti</strong></span> <span class='ocrx_word' id='word_1_114' title='bbox 2168 2098 2522 2163; x_wconf 80' lang='lat' dir='ltr'><strong>sacerdotis</strong></span> <span class='ocrx_word' id='word_1_115' title='bbox 2589 2097 2803 2161; x_wconf 85' lang='lat' dir='ltr'><strong>nostri</strong></span> 
     </span>
     <span class='ocr_line' id='line_1_13' title="bbox 331 2193 2805 2278; baseline 0 -19"><span class='ocrx_word' id='word_1_116' title='bbox 331 2193 664 2259; x_wconf 88' lang='lat' dir='ltr'><strong>Gebhardi</strong></span> <span class='ocrx_word' id='word_1_117' title='bbox 693 2195 788 2278; x_wconf 87' lang='lat'><strong>(5)</strong></span> <span class='ocrx_word' id='word_1_118' title='bbox 835 2196 1375 2277; x_wconf 69' lang='lat' dir='ltr'><strong>consanguinem,</strong></span> <span class='ocrx_word' id='word_1_119' title='bbox 1426 2198 1787 2262; x_wconf 80' lang='lat' dir='ltr'><strong>maximam</strong></span> <span class='ocrx_word' id='word_1_120' title='bbox 1844 2197 2094 2262; x_wconf 87' lang='lat' dir='ltr'><strong>habens</strong></span> <span class='ocrx_word' id='word_1_121' title='bbox 2148 2197 2453 2261; x_wconf 85' lang='lat' dir='ltr'><strong>fiduciam</strong></span> <span class='ocrx_word' id='word_1_122' title='bbox 2505 2198 2569 2261; x_wconf 92' lang='lat' dir='ltr'><strong>in</strong></span> <span class='ocrx_word' id='word_1_123' title='bbox 2613 2201 2805 2261; x_wconf 86' lang='lat' dir='ltr'><strong>scuto</strong></span> 
     </span>
    </p>

    <p class='ocr_par' dir='ltr' id='par_1_6' title="bbox 262 2289 2807 2774">
     <span class='ocr_line' id='line_1_14' title="bbox 262 2289 2804 2376; baseline 0.001 -17"><span class='ocrx_word' id='word_1_124' title='bbox 262 2289 293 2337; x_wconf 77' lang='lat'>⁸</span> <span class='ocrx_word' id='word_1_125' title='bbox 328 2294 696 2359; x_wconf 84' lang='lat' dir='ltr'><strong>sanctitatis</strong></span> <span class='ocrx_word' id='word_1_126' title='bbox 743 2294 966 2376; x_wconf 85' lang='lat' dir='ltr'><strong>ipsius,</strong></span> <span class='ocrx_word' id='word_1_127' title='bbox 1009 2298 1236 2359; x_wconf 88' lang='lat' dir='ltr'><strong>contra</strong></span> <span class='ocrx_word' id='word_1_128' title='bbox 1278 2315 1536 2360; x_wconf 88' lang='lat' dir='ltr'><strong>morem</strong></span> <span class='ocrx_word' id='word_1_129' title='bbox 1580 2297 1881 2375; x_wconf 87' lang='lat' dir='ltr'><strong>obtinuit,</strong></span> <span class='ocrx_word' id='word_1_130' title='bbox 1909 2302 1983 2361; x_wconf 87' lang='lat' dir='ltr'><strong>ut</strong></span> <span class='ocrx_word' id='word_1_131' title='bbox 2014 2297 2327 2361; x_wconf 84' lang='lat' dir='ltr'><strong>femineus</strong></span> <span class='ocrx_word' id='word_1_132' title='bbox 2372 2297 2439 2360; x_wconf 90' lang='lat' dir='ltr'><strong>in</strong></span> <span class='ocrx_word' id='word_1_133' title='bbox 2481 2316 2560 2361; x_wconf 89' lang='lat' dir='ltr'><strong>ea</strong></span> <span class='ocrx_word' id='word_1_134' title='bbox 2602 2316 2804 2361; x_wconf 83' lang='lat' dir='ltr'><strong>sexus</strong></span> 
     </span>
     <span class='ocr_line' id='line_1_15' title="bbox 328 2392 2805 2485; baseline 0 -27"><span class='ocrx_word' id='word_1_135' title='bbox 328 2392 849 2485; x_wconf 83' lang='lat' dir='ltr'><strong>dissimularetur</strong></span> <span class='ocrx_word' id='word_1_136' title='bbox 880 2397 947 2457; x_wconf 86' lang='lat' dir='ltr'><strong>et</strong></span> <span class='ocrx_word' id='word_1_137' title='bbox 974 2393 1060 2458; x_wconf 90' lang='lat' dir='ltr'><strong>ad</strong></span> <span class='ocrx_word' id='word_1_138' title='bbox 1089 2413 1160 2458; x_wconf 91' lang='lat' dir='ltr'><strong>se</strong></span> <span class='ocrx_word' id='word_1_139' title='bbox 1202 2394 1374 2476; x_wconf 88' lang='lat' dir='ltr'><strong>intra</strong></span> <span class='ocrx_word' id='word_1_140' title='bbox 1415 2399 1652 2478; x_wconf 88' lang='lat' dir='ltr'><strong>saepta</strong></span> <span class='ocrx_word' id='word_1_141' title='bbox 1700 2396 2077 2461; x_wconf 87' lang='lat' dir='ltr'><strong>monasterii</strong></span> <span class='ocrx_word' id='word_1_142' title='bbox 2126 2396 2421 2479; x_wconf 85' lang='lat' dir='ltr'><strong>malignis</strong></span> <span class='ocrx_word' id='word_1_143' title='bbox 2466 2396 2805 2478; x_wconf 88' lang='lat' dir='ltr'><strong>spiritibus</strong></span> 
     </span>
     <span class='ocr_line' id='line_1_16' title="bbox 328 2490 2801 2575; baseline 0 -19"><span class='ocrx_word' id='word_1_144' title='bbox 328 2490 725 2574; x_wconf 88' lang='lat' dir='ltr'><strong>opponenda</strong></span> <span class='ocrx_word' id='word_1_145' title='bbox 752 2490 1288 2557; x_wconf 87' lang='lat' dir='ltr'><strong>introduceretur.</strong></span> <span class='ocrx_word' id='word_1_146' title='bbox 1319 2491 1504 2571; x_wconf 87' lang='lat' dir='ltr'><strong>Quae</strong></span> <span class='ocrx_word' id='word_1_147' title='bbox 1525 2493 1833 2557; x_wconf 88' lang='lat' dir='ltr'><strong>nimirum</strong></span> <span class='ocrx_word' id='word_1_148' title='bbox 1860 2497 2056 2558; x_wconf 79' lang='lat' dir='ltr'><strong>verae</strong></span> <span class='ocrx_word' id='word_1_149' title='bbox 2083 2494 2447 2558; x_wconf 85' lang='lat' dir='ltr'><strong>sanctitatis</strong></span> <span class='ocrx_word' id='word_1_150' title='bbox 2476 2493 2801 2575; x_wconf 89' lang='lat' dir='ltr'><strong>oppositio</strong></span> 
     </span>
     <span class='ocr_line' id='line_1_17' title="bbox 328 2590 2806 2674; baseline -0.001 -18"><span class='ocrx_word' id='word_1_151' title='bbox 328 2609 755 2674; x_wconf 81' lang='lat' dir='ltr'><strong>nequaquam</strong></span> <span class='ocrx_word' id='word_1_152' title='bbox 804 2590 1026 2654; x_wconf 85' lang='lat' dir='ltr'><strong>fefellit</strong></span> <span class='ocrx_word' id='word_1_153' title='bbox 1081 2591 1475 2667; x_wconf 83' lang='lat' dir='ltr'><strong>credentem,</strong></span> <span class='ocrx_word' id='word_1_154' title='bbox 1526 2592 1782 2656; x_wconf 86' lang='lat' dir='ltr'><strong>dicente</strong></span> <span class='ocrx_word' id='word_1_155' title='bbox 1835 2594 2156 2657; x_wconf 87' lang='lat' dir='ltr'><strong>veritate:</strong></span> <span class='ocrx_word' id='word_1_156' title='bbox 2194 2591 2423 2657; x_wconf 76' lang='lat' dir='ltr'><strong>Omnia</strong></span> <span class='ocrx_word' id='word_1_157' title='bbox 2471 2591 2806 2673; x_wconf 73' lang='lat' dir='ltr'><strong>possibilia</strong></span> 
     </span>
     <span class='ocr_line' id='line_1_18' title="bbox 330 2688 2807 2774; baseline -0.001 -18"><span class='ocrx_word' id='word_1_158' title='bbox 330 2697 483 2756; x_wconf 72' lang='lat' dir='ltr'><strong>sunt</strong></span> <span class='ocrx_word' id='word_1_159' title='bbox 509 2688 781 2754; x_wconf 75' lang='lat' dir='ltr'><strong>credenti</strong></span> <span class='ocrx_word' id='word_1_160' title='bbox 801 2689 915 2774; x_wconf 82' lang='grc'>(6).</span> <span class='ocrx_word' id='word_1_161' title='bbox 939 2690 1033 2755; x_wconf 82' lang='lat' dir='ltr'><strong>Ex</strong></span> <span class='ocrx_word' id='word_1_162' title='bbox 1057 2690 1181 2755; x_wconf 87' lang='lat' dir='ltr'><strong>hac</strong></span> <span class='ocrx_word' id='word_1_163' title='bbox 1201 2690 1632 2773; x_wconf 88' lang='lat' dir='ltr'><strong>possibilitate</strong></span> <span class='ocrx_word' id='word_1_164' title='bbox 1660 2692 1955 2774; x_wconf 90' lang='lat' dir='ltr'><strong>sequitur</strong></span> <span class='ocrx_word' id='word_1_165' title='bbox 1985 2691 2310 2774; x_wconf 86' lang='lat' dir='ltr'><strong>stupenda</strong></span> <span class='ocrx_word' id='word_1_166' title='bbox 2335 2691 2539 2755; x_wconf 73' lang='lat' dir='ltr'><strong>virtus</strong></span> <span class='ocrx_word' id='word_1_167' title='bbox 2565 2690 2807 2756; x_wconf 88' lang='lat' dir='ltr'><strong>Christi</strong></span> 
     </span>
    </p>

    <p class='ocr_par' dir='ltr' id='par_1_7' title="bbox 235 2786 2807 3071">
     <span class='ocr_line' id='line_1_19' title="bbox 235 2786 2807 2874; baseline -0.001 -18"><span class='ocrx_word' id='word_1_168' title='bbox 235 2786 296 2835; x_wconf 75' lang='lat'><strong>⁴⁰</strong></span> <span class='ocrx_word' id='word_1_169' title='bbox 329 2791 402 2856; x_wconf 90' lang='lat' dir='ltr'><strong>in</strong></span> <span class='ocrx_word' id='word_1_170' title='bbox 430 2787 809 2856; x_wconf 80' lang='lat' dir='ltr'><strong>infirmitate</strong></span> <span class='ocrx_word' id='word_1_171' title='bbox 841 2790 1131 2874; x_wconf 84' lang='lat' dir='ltr'><strong>perfecta</strong></span> <span class='ocrx_word' id='word_1_172' title='bbox 1158 2811 1355 2856; x_wconf 82' lang='lat' dir='ltr'><strong>sexus</strong></span> <span class='ocrx_word' id='word_1_173' title='bbox 1384 2790 1664 2855; x_wconf 81' lang='lat' dir='ltr'><strong>feminei.</strong></span> <span class='ocrx_word' id='word_1_174' title='bbox 1703 2790 1873 2855; x_wconf 89' lang='lat' dir='ltr'><strong>Nam</strong></span> <span class='ocrx_word' id='word_1_175' title='bbox 1896 2791 2070 2874; x_wconf 76' lang='lat' dir='ltr'><strong>quod</strong></span> <span class='ocrx_word' id='word_1_176' title='bbox 2105 2796 2245 2857; x_wconf 87' lang='lat' dir='ltr'><strong>tota</strong></span> <span class='ocrx_word' id='word_1_177' title='bbox 2276 2791 2548 2856; x_wconf 85' lang='lat' dir='ltr'><strong>ccclesia</strong></span> <span class='ocrx_word' id='word_1_178' title='bbox 2571 2791 2807 2873; x_wconf 84' lang='lat' dir='ltr'><strong>tripar-</strong></span> 
     </span>
     <span class='ocr_line' id='line_1_20' title="bbox 328 2889 2803 2973; baseline -0.001 -18"><span class='ocrx_word' id='word_1_179' title='bbox 328 2889 472 2955; x_wconf 80' lang='lat' dir='ltr'><strong>titis</strong></span> <span class='ocrx_word' id='word_1_180' title='bbox 499 2889 744 2955; x_wconf 80' lang='lat' dir='ltr'><strong>vicibus</strong></span> <span class='ocrx_word' id='word_1_181' title='bbox 771 2894 1028 2972; x_wconf 82' lang='lat' dir='ltr'><strong>gestum</strong></span> <span class='ocrx_word' id='word_1_182' title='bbox 1057 2889 1392 2971; x_wconf 86' lang='lat' dir='ltr'><strong>praedicat</strong></span> <span class='ocrx_word' id='word_1_183' title='bbox 1420 2890 1488 2954; x_wconf 92' lang='lat' dir='ltr'><strong>in</strong></span> <span class='ocrx_word' id='word_1_184' title='bbox 1507 2890 1705 2954; x_wconf 89' lang='lat' dir='ltr'><strong>beato</strong></span> <span class='ocrx_word' id='word_1_185' title='bbox 1734 2889 2012 2955; x_wconf 81' lang='lat' dir='ltr'><strong>Martino</strong></span> <span class='ocrx_word' id='word_1_186' title='bbox 2034 2890 2147 2973; x_wconf 78' lang='grc'>(7),</span> <span class='ocrx_word' id='word_1_187' title='bbox 2183 2891 2304 2954; x_wconf 90' lang='lat' dir='ltr'><strong>hoc</strong></span> <span class='ocrx_word' id='word_1_188' title='bbox 2335 2894 2563 2954; x_wconf 85' lang='lat' dir='ltr'><strong>sancta</strong></span> <span class='ocrx_word' id='word_1_189' title='bbox 2590 2889 2803 2953; x_wconf 88' lang='lat' dir='ltr'><strong>Trini-</strong></span> 
     </span>
     <span class='ocr_line' id='line_1_21' title="bbox 330 2988 1510 3071; baseline 0 -17"><span class='ocrx_word' id='word_1_190' title='bbox 330 2993 441 3054; x_wconf 88' lang='lat' dir='ltr'><strong>tas</strong></span> <span class='ocrx_word' id='word_1_191' title='bbox 464 2990 530 3055; x_wconf 89' lang='lat' dir='ltr'><strong>in</strong></span> <span class='ocrx_word' id='word_1_192' title='bbox 555 2990 753 3054; x_wconf 88' lang='lat' dir='ltr'><strong>beata</strong></span> <span class='ocrx_word' id='word_1_193' title='bbox 781 2988 882 3054; x_wconf 88' lang='lat' dir='ltr'><strong>Ita</strong></span> <span class='ocrx_word' id='word_1_194' title='bbox 901 2989 1041 3053; x_wconf 82' lang='lat' dir='ltr'><strong>vice</strong></span> <span class='ocrx_word' id='word_1_195' title='bbox 1071 2989 1269 3071; x_wconf 85' lang='lat' dir='ltr'><strong>gessit</strong></span> <span class='ocrx_word' id='word_1_196' title='bbox 1298 2989 1510 3054; x_wconf 88' lang='lat' dir='ltr'><strong>unica.</strong></span> 
     </span>
    </p>
   </div>
   <div class='ocr_carea' id='block_1_6' title="bbox 937 3472 2214 3541">
    <p class='ocr_par' dir='ltr' id='par_1_8' title="bbox 937 3472 2214 3541">
     <span class='ocr_line' id='line_1_22' title="bbox 937 3472 2214 3541; baseline -0.002 -1"><span class='ocrx_word' id='word_1_197' title='bbox 937 3473 1044 3540; x_wconf 89' lang='lat' dir='ltr'><strong>IX.</strong></span> <span class='ocrx_word' id='word_1_198' title='bbox 1085 3475 1197 3541; x_wconf 83' lang='lat' dir='ltr'><strong>DE</strong></span> <span class='ocrx_word' id='word_1_199' title='bbox 1235 3473 1301 3540; x_wconf 91' lang='lat' dir='ltr'><strong>S.</strong></span> <span class='ocrx_word' id='word_1_200' title='bbox 1345 3473 1763 3540; x_wconf 86' lang='lat' dir='ltr'>RUONANO</span> <span class='ocrx_word' id='word_1_201' title='bbox 1806 3472 2214 3540; x_wconf 83' lang='lat' dir='ltr'>EPISCOPO</span> 
     </span>
    </p>
   </div>
   <div class='ocr_carea' id='block_1_7' title="bbox 1341 3642 1802 3710">
    <p class='ocr_par' dir='ltr' id='par_1_9' title="bbox 1341 3642 1802 3710">
     <span class='ocr_line' id='line_1_23' title="bbox 1341 3642 1802 3710; baseline 0.002 -14"><span class='ocrx_word' id='word_1_202' title='bbox 1341 3642 1421 3696; x_wconf 72' lang='lat' dir='ltr'><strong>Cf.</strong></span> <span class='ocrx_word' id='word_1_203' title='bbox 1436 3657 1620 3710; x_wconf 83' lang='lat' dir='ltr'><strong>supra,</strong></span> <span class='ocrx_word' id='word_1_204' title='bbox 1640 3657 1694 3710; x_wconf 88' lang='lat' dir='ltr'><strong>p.</strong></span> <span class='ocrx_word' id='word_1_205' title='bbox 1716 3642 1802 3697; x_wconf 85' lang='lat'><strong>50.</strong></span> 
     </span>
    </p>
   </div>
   <div class='ocr_carea' id='block_1_8' title="bbox 326 3837 2812 4311">
    <p class='ocr_par' dir='ltr' id='par_1_10' title="bbox 326 3837 2812 4311">
     <span class='ocr_line' id='line_1_24' title="bbox 406 3837 2808 3910; baseline -0.001 -17"><span class='ocrx_word' id='word_1_206' title='bbox 406 3840 665 3896; x_wconf 85' lang='lat' dir='ltr'><strong>Dolemus</strong></span> <span class='ocrx_word' id='word_1_207' title='bbox 682 3841 752 3907; x_wconf 83' lang='lat' dir='ltr'><strong>id,</strong></span> <span class='ocrx_word' id='word_1_208' title='bbox 780 3840 932 3910; x_wconf 81' lang='lat' dir='ltr'><strong>quod</strong></span> <span class='ocrx_word' id='word_1_209' title='bbox 947 3839 1084 3894; x_wconf 85' lang='lat' dir='ltr'><strong>alias</strong></span> <span class='ocrx_word' id='word_1_210' title='bbox 1100 3839 1306 3894; x_wconf 78' lang='lat' dir='ltr'><strong>factum</strong></span> <span class='ocrx_word' id='word_1_211' title='bbox 1328 3855 1450 3893; x_wconf 84' lang='lat' dir='ltr'><strong>esse</strong></span> <span class='ocrx_word' id='word_1_212' title='bbox 1471 3838 1712 3893; x_wconf 82' lang='lat' dir='ltr'><strong>diximus</strong></span> <span class='ocrx_word' id='word_1_213' title='bbox 1747 3837 1841 3905; x_wconf 89' lang='grc'>(8),</span> <span class='ocrx_word' id='word_1_214' title='bbox 1873 3838 1930 3892; x_wconf 94' lang='lat' dir='ltr'><strong>in</strong></span> <span class='ocrx_word' id='word_1_215' title='bbox 1955 3838 2010 3892; x_wconf 91' lang='lat' dir='ltr'><strong>S.</strong></span> <span class='ocrx_word' id='word_1_216' title='bbox 2039 3838 2311 3892; x_wconf 89' lang='lat' dir='ltr'><strong>Ruonano</strong></span> <span class='ocrx_word' id='word_1_217' title='bbox 2330 3838 2496 3892; x_wconf 87' lang='lat' dir='ltr'><strong>etiam</strong></span> <span class='ocrx_word' id='word_1_218' title='bbox 2523 3837 2808 3901; x_wconf 85' lang='lat' dir='ltr'><strong>accidisse,</strong></span> 
     </span>
     <span class='ocr_line' id='line_1_25' title="bbox 331 3937 2810 4009; baseline -0.002 -14"><span class='ocrx_word' id='word_1_219' title='bbox 331 3945 404 3995; x_wconf 84' lang='lat' dir='ltr'><strong>ut</strong></span> <span class='ocrx_word' id='word_1_220' title='bbox 435 3939 595 4009; x_wconf 87' lang='lat' dir='ltr'><strong>ipsius</strong></span> <span class='ocrx_word' id='word_1_221' title='bbox 627 3942 755 3995; x_wconf 70' lang='lat' dir='ltr'><strong>Vita</strong></span> <span class='ocrx_word' id='word_1_222' title='bbox 787 3941 846 3995; x_wconf 89' lang='lat' dir='ltr'><strong>in</strong></span> <span class='ocrx_word' id='word_1_223' title='bbox 877 3939 1278 4008; x_wconf 69' lang='lat' dir='ltr'><strong>Legendarium</strong></span> <span class='ocrx_word' id='word_1_224' title='bbox 1302 3938 1638 3993; x_wconf 78' lang='lat' dir='ltr'><strong>austriacum</strong></span> <span class='ocrx_word' id='word_1_225' title='bbox 1659 3939 1872 4006; x_wconf 72' lang='lat' dir='ltr'><strong>integra</strong></span> <span class='ocrx_word' id='word_1_226' title='bbox 1908 3954 2021 3991; x_wconf 92' lang='lat' dir='ltr'><strong>non</strong></span> <span class='ocrx_word' id='word_1_227' title='bbox 2043 3938 2389 4006; x_wconf 87' lang='lat' dir='ltr'><strong>reciperetur.</strong></span> <span class='ocrx_word' id='word_1_228' title='bbox 2413 3937 2581 3991; x_wconf 86' lang='lat' dir='ltr'><strong>Deest</strong></span> <span class='ocrx_word' id='word_1_229' title='bbox 2602 3952 2810 4004; x_wconf 86' lang='lat' dir='ltr'><strong>nempe</strong></span> 
     </span>
     <span class='ocr_line' id='line_1_26' title="bbox 329 4036 2812 4111; baseline -0.002 -16"><span class='ocrx_word' id='word_1_230' title='bbox 329 4041 519 4095; x_wconf 82' lang='lat' dir='ltr'><strong>altera</strong></span> <span class='ocrx_word' id='word_1_231' title='bbox 536 4041 648 4096; x_wconf 86' lang='lat' dir='ltr'><strong>eius</strong></span> <span class='ocrx_word' id='word_1_232' title='bbox 665 4057 811 4111; x_wconf 83' lang='lat' dir='ltr'><strong>pars.</strong></span> <span class='ocrx_word' id='word_1_233' title='bbox 833 4056 1013 4109; x_wconf 83' lang='lat' dir='ltr'><strong>neque</strong></span> <span class='ocrx_word' id='word_1_234' title='bbox 1035 4039 1105 4093; x_wconf 91' lang='lat' dir='ltr'><strong>de</strong></span> <span class='ocrx_word' id='word_1_235' title='bbox 1135 4038 1342 4093; x_wconf 85' lang='lat' dir='ltr'><strong>ultimis</strong></span> <span class='ocrx_word' id='word_1_236' title='bbox 1371 4038 1530 4092; x_wconf 86' lang='lat' dir='ltr'><strong>annis</strong></span> <span class='ocrx_word' id='word_1_237' title='bbox 1553 4053 1655 4091; x_wconf 88' lang='lat' dir='ltr'><strong>nec</strong></span> <span class='ocrx_word' id='word_1_238' title='bbox 1671 4037 1742 4091; x_wconf 89' lang='lat' dir='ltr'><strong>de</strong></span> <span class='ocrx_word' id='word_1_239' title='bbox 1766 4042 1945 4091; x_wconf 84' lang='lat' dir='ltr'><strong>morte</strong></span> <span class='ocrx_word' id='word_1_240' title='bbox 1977 4038 2152 4091; x_wconf 86' lang='lat' dir='ltr'><strong>sancti</strong></span> <span class='ocrx_word' id='word_1_241' title='bbox 2172 4036 2271 4090; x_wconf 89' lang='lat' dir='ltr'><strong>viri</strong></span> <span class='ocrx_word' id='word_1_242' title='bbox 2294 4037 2587 4106; x_wconf 82' lang='lat' dir='ltr'><strong>quicquam</strong></span> <span class='ocrx_word' id='word_1_243' title='bbox 2610 4036 2812 4090; x_wconf 87' lang='lat' dir='ltr'><strong>edoce-</strong></span> 
     </span>
     <span class='ocr_line' id='line_1_27' title="bbox 328 4119 2809 4208; baseline -0.003 -13"><span class='ocrx_word' id='word_1_244' title='bbox 328 4155 489 4195; x_wconf 87' lang='lat' dir='ltr'><strong>mur.</strong></span> <span class='ocrx_word' id='word_1_245' title='bbox 509 4139 658 4208; x_wconf 85' lang='lat' dir='ltr'><strong>Quae</strong></span> <span class='ocrx_word' id='word_1_246' title='bbox 677 4144 990 4208; x_wconf 82' lang='lat' dir='ltr'><strong>supersunt,</strong></span> <span class='ocrx_word' id='word_1_247' title='bbox 1013 4154 1081 4192; x_wconf 89' lang='lat' dir='ltr'><strong>ea</strong></span> <span class='ocrx_word' id='word_1_248' title='bbox 1102 4139 1234 4192; x_wconf 86' lang='lat' dir='ltr'><strong>satis</strong></span> <span class='ocrx_word' id='word_1_249' title='bbox 1253 4119 1442 4206; x_wconf 86' lang='lat' dir='ltr'><strong>utique</strong></span> <span class='ocrx_word' id='word_1_250' title='bbox 1468 4141 1599 4191; x_wconf 81' lang='lat' dir='ltr'><strong>sunt</strong></span> <span class='ocrx_word' id='word_1_251' title='bbox 1623 4140 1685 4191; x_wconf 87' lang='lat' dir='ltr'><strong>ut</strong></span> <span class='ocrx_word' id='word_1_252' title='bbox 1716 4137 1861 4192; x_wconf 82' lang='lat' dir='ltr'><strong>inter</strong></span> <span class='ocrx_word' id='word_1_253' title='bbox 1884 4137 2024 4190; x_wconf 82' lang='lat' dir='ltr'><strong>bene</strong></span> <span class='ocrx_word' id='word_1_254' title='bbox 2049 4137 2255 4190; x_wconf 90' lang='lat' dir='ltr'><strong>multos</strong></span> <span class='ocrx_word' id='word_1_255' title='bbox 2278 4141 2497 4190; x_wconf 83' lang='lat' dir='ltr'><strong>sanctos</strong></span> <span class='ocrx_word' id='word_1_256' title='bbox 2524 4136 2809 4197; x_wconf 81' lang='lat' dir='ltr'><strong>Ronanos,</strong></span> 
     </span>
     <span class='ocr_line' id='line_1_28' title="bbox 326 4234 2805 4311; baseline -0.002 -19"><span class='ocrx_word' id='word_1_257' title='bbox 326 4239 439 4311; x_wconf 84' lang='lat' dir='ltr'><strong>qui</strong></span> <span class='ocrx_word' id='word_1_258' title='bbox 455 4238 511 4292; x_wconf 89' lang='lat' dir='ltr'><strong>in</strong></span> <span class='ocrx_word' id='word_1_259' title='bbox 525 4238 922 4307; x_wconf 73' lang='lat' dir='ltr'><strong>martyrologiis</strong></span> <span class='ocrx_word' id='word_1_260' title='bbox 938 4241 1309 4300; x_wconf 86' lang='lat' dir='ltr'><strong>recensentur,</strong></span> <span class='ocrx_word' id='word_1_261' title='bbox 1323 4235 1582 4304; x_wconf 87' lang='lat' dir='ltr'><strong>quisnam</strong></span> <span class='ocrx_word' id='word_1_262' title='bbox 1600 4239 1788 4290; x_wconf 84' lang='lat' dir='ltr'><strong>noster</strong></span> <span class='ocrx_word' id='word_1_263' title='bbox 1802 4235 1895 4289; x_wconf 87' lang='lat' dir='ltr'><strong>ille</strong></span> <span class='ocrx_word' id='word_1_264' title='bbox 1912 4235 1998 4300; x_wconf 87' lang='lat' dir='ltr'><strong>sit,</strong></span> <span class='ocrx_word' id='word_1_265' title='bbox 2017 4239 2166 4289; x_wconf 86' lang='lat' dir='ltr'><strong>certo</strong></span> <span class='ocrx_word' id='word_1_266' title='bbox 2187 4240 2512 4290; x_wconf 84' lang='lat' dir='ltr'><strong>statuamus.</strong></span> <span class='ocrx_word' id='word_1_267' title='bbox 2528 4234 2805 4303; x_wconf 88' lang='lat' dir='ltr'><strong>Quoniam</strong></span> 
     </span>
    </p>
   </div>
   <div class='ocr_carea' id='block_1_9' title="bbox 328 4384 2812 5038">
    <p class='ocr_par' dir='ltr' id='par_1_11' title="bbox 328 4384 2812 5038">
     <span class='ocr_line' id='line_1_29' title="bbox 405 4384 2811 4458; baseline -0.002 -15"><span class='ocrx_word' id='word_1_268' title='bbox 405 4390 486 4456; x_wconf 85' lang='lat'><strong>(1)</strong></span> <span class='ocrx_word' id='word_1_269' title='bbox 519 4388 632 4444; x_wconf 79' lang='lat' dir='ltr'><strong>vid.</strong></span> <span class='ocrx_word' id='word_1_270' title='bbox 663 4404 847 4458; x_wconf 86' lang='lat' dir='ltr'><strong>supra,</strong></span> <span class='ocrx_word' id='word_1_271' title='bbox 869 4402 923 4455; x_wconf 86' lang='lat' dir='ltr'><strong>p.</strong></span> <span class='ocrx_word' id='word_1_272' title='bbox 940 4386 1024 4440; x_wconf 65' lang='grc' dir='ltr'><strong>ω.</strong></span> <span class='ocrx_word' id='word_1_273' title='bbox 1058 4414 1124 4425; x_wconf 90' lang='grc'>-</span> <span class='ocrx_word' id='word_1_274' title='bbox 1147 4387 1219 4453; x_wconf 73' lang='lat'><strong>(2)</strong></span> <span class='ocrx_word' id='word_1_275' title='bbox 1255 4385 1336 4442; x_wconf 80' lang='lat' dir='ltr'><strong>cf.</strong></span> <span class='ocrx_word' id='word_1_276' title='bbox 1370 4389 1489 4440; x_wconf 72' lang='lat' dir='ltr'><strong>Act.</strong></span> <span class='ocrx_word' id='word_1_277' title='bbox 1521 4385 1637 4451; x_wconf 76' lang='lat' dir='ltr'><strong>SS..</strong></span> <span class='ocrx_word' id='word_1_278' title='bbox 1658 4384 1776 4440; x_wconf 87' lang='lat' dir='ltr'><strong>Ian.</strong></span> <span class='ocrx_word' id='word_1_279' title='bbox 1796 4388 1834 4439; x_wconf 91' lang='lat' dir='ltr'><strong>t.</strong></span> <span class='ocrx_word' id='word_1_280' title='bbox 1858 4384 1897 4450; x_wconf 93' lang='lat'><strong>1,</strong></span> <span class='ocrx_word' id='word_1_281' title='bbox 1920 4400 1972 4454; x_wconf 90' lang='lat' dir='ltr'><strong>p.</strong></span> <span class='ocrx_word' id='word_1_282' title='bbox 2010 4385 2153 4451; x_wconf 75' lang='lat'><em>1064,</em></span> <span class='ocrx_word' id='word_1_283' title='bbox 2180 4401 2332 4440; x_wconf 88' lang='lat' dir='ltr'><strong>num.</strong></span> <span class='ocrx_word' id='word_1_284' title='bbox 2359 4386 2438 4440; x_wconf 72' lang='lat'><strong>12.</strong></span> <span class='ocrx_word' id='word_1_285' title='bbox 2461 4412 2523 4423; x_wconf 89' lang='lat'>-</span> <span class='ocrx_word' id='word_1_286' title='bbox 2550 4386 2623 4450; x_wconf 85' lang='lat'><strong>(3)</strong></span> <span class='ocrx_word' id='word_1_287' title='bbox 2658 4385 2811 4448; x_wconf 75' lang='lat' dir='ltr'><strong>ibid..</strong></span> 
     </span>
     <span class='ocr_line' id='line_1_30' title="bbox 330 4463 2812 4541; baseline -0.002 -13"><span class='ocrx_word' id='word_1_288' title='bbox 330 4480 376 4529; x_wconf 72' lang='lat' dir='ltr'><strong>t.</strong></span> <span class='ocrx_word' id='word_1_289' title='bbox 413 4472 487 4536; x_wconf 76' lang='lat' dir='ltr'><strong>II,</strong></span> <span class='ocrx_word' id='word_1_290' title='bbox 519 4488 567 4541; x_wconf 85' lang='lat' dir='ltr'><strong>p.</strong></span> <span class='ocrx_word' id='word_1_291' title='bbox 603 4472 804 4527; x_wconf 74' lang='lat'><strong>552-57.</strong></span> <span class='ocrx_word' id='word_1_292' title='bbox 836 4497 906 4510; x_wconf 88' lang='lat'>-</span> <span class='ocrx_word' id='word_1_293' title='bbox 941 4471 1012 4534; x_wconf 76' lang='lat'><strong>(4)</strong></span> <span class='ocrx_word' id='word_1_294' title='bbox 1049 4468 1130 4524; x_wconf 77' lang='lat' dir='ltr'><strong>Cf.</strong></span> <span class='ocrx_word' id='word_1_295' title='bbox 1171 4469 1564 4532; x_wconf 71' lang='lat' dir='ltr'><strong>Warrmmn,</strong></span> <span class='ocrx_word' id='word_1_296' title='bbox 1605 4463 2003 4523; x_wconf 57' lang='lat' dir='ltr'><strong>Demchlan&#39;ds</strong></span> <span class='ocrx_word' id='word_1_297' title='bbox 2058 4470 2594 4536; x_wconf 78' lang='lat' dir='ltr'><strong>Geschichtsquellen,</strong></span> <span class='ocrx_word' id='word_1_298' title='bbox 2638 4472 2677 4522; x_wconf 86' lang='lat' dir='ltr'><strong>t.</strong></span> <span class='ocrx_word' id='word_1_299' title='bbox 2722 4469 2812 4532; x_wconf 75' lang='lat'><strong>11⁶,</strong></span> 
     </span>
     <span class='ocr_line' id='line_1_31' title="bbox 330 4550 2812 4626; baseline -0.002 -16"><span class='ocrx_word' id='word_1_300' title='bbox 330 4573 390 4626; x_wconf 85' lang='lat' dir='ltr'><strong>p.</strong></span> <span class='ocrx_word' id='word_1_301' title='bbox 413 4554 534 4610; x_wconf 82' lang='lat'><strong>388.</strong></span> <span class='ocrx_word' id='word_1_302' title='bbox 556 4584 616 4597; x_wconf 90' lang='lat'>-</span> <span class='ocrx_word' id='word_1_303' title='bbox 637 4556 711 4623; x_wconf 82' lang='lat'><strong>(5)</strong></span> <span class='ocrx_word' id='word_1_304' title='bbox 747 4553 950 4622; x_wconf 85' lang='lat' dir='ltr'><strong>Quaeri</strong></span> <span class='ocrx_word' id='word_1_305' title='bbox 971 4557 1154 4621; x_wconf 84' lang='lat' dir='ltr'><strong>potest</strong></span> <span class='ocrx_word' id='word_1_306' title='bbox 1171 4558 1357 4606; x_wconf 90' lang='lat' dir='ltr'><strong>utrum</strong></span> <span class='ocrx_word' id='word_1_307' title='bbox 1379 4551 1472 4605; x_wconf 87' lang='lat' dir='ltr'><strong>ille</strong></span> <span class='ocrx_word' id='word_1_308' title='bbox 1492 4551 1563 4605; x_wconf 89' lang='lat' dir='ltr'><strong>sit</strong></span> <span class='ocrx_word' id='word_1_309' title='bbox 1580 4550 1938 4605; x_wconf 80' lang='lat' dir='ltr'><strong>Gebehardus</strong></span> <span class='ocrx_word' id='word_1_310' title='bbox 1956 4552 2267 4615; x_wconf 72' lang='lat' dir='ltr'><strong>canonicuS,</strong></span> <span class='ocrx_word' id='word_1_311' title='bbox 2288 4551 2439 4605; x_wconf 87' lang='lat' dir='ltr'><strong>Pauli</strong></span> <span class='ocrx_word' id='word_1_312' title='bbox 2458 4551 2812 4605; x_wconf 87' lang='lat' dir='ltr'><strong>Bernrieden·</strong></span> 
     </span>
     <span class='ocr_line' id='line_1_32' title="bbox 328 4632 2810 4706; baseline -0.004 -11"><span class='ocrx_word' id='word_1_313' title='bbox 328 4640 416 4695; x_wconf 72' lang='lat' dir='ltr'><strong>ais</strong></span> <span class='ocrx_word' id='word_1_314' title='bbox 453 4637 717 4703; x_wconf 80' lang='lat' dir='ltr'><strong>alumnus,</strong></span> <span class='ocrx_word' id='word_1_315' title='bbox 750 4636 844 4706; x_wconf 83' lang='lat' dir='ltr'><strong>qui</strong></span> <span class='ocrx_word' id='word_1_316' title='bbox 869 4652 997 4690; x_wconf 87' lang='lat' dir='ltr'><strong>cum</strong></span> <span class='ocrx_word' id='word_1_317' title='bbox 1031 4635 1179 4698; x_wconf 87' lang='lat' dir='ltr'><strong>alibi,</strong></span> <span class='ocrx_word' id='word_1_318' title='bbox 1204 4640 1323 4689; x_wconf 86' lang='lat' dir='ltr'><strong>tum</strong></span> <span class='ocrx_word' id='word_1_319' title='bbox 1346 4634 1512 4688; x_wconf 86' lang='lat' dir='ltr'><strong>etiam</strong></span> <span class='ocrx_word' id='word_1_320' title='bbox 1545 4638 1628 4688; x_wconf 86' lang='lat' dir='ltr'><strong>ter</strong></span> <span class='ocrx_word' id='word_1_321' title='bbox 1649 4632 1708 4687; x_wconf 87' lang='lat' dir='ltr'><strong>in</strong></span> <span class='ocrx_word' id='word_1_322' title='bbox 1732 4632 1856 4686; x_wconf 73' lang='lat' dir='ltr'><strong>Vita</strong></span> <span class='ocrx_word' id='word_1_323' title='bbox 1879 4632 2148 4686; x_wconf 87' lang='lat' dir='ltr'><strong>Herlucae</strong></span> <span class='ocrx_word' id='word_1_324' title='bbox 2182 4634 2499 4687; x_wconf 86' lang='lat' dir='ltr'><strong>nominatur</strong></span> <span class='ocrx_word' id='word_1_325' title='bbox 2531 4633 2671 4699; x_wconf 76' lang='lat' dir='ltr'><strong>(Act.</strong></span> <span class='ocrx_word' id='word_1_326' title='bbox 2698 4635 2810 4694; x_wconf 81' lang='lat' dir='ltr'><strong>SS..</strong></span> 
     </span>
     <span class='ocr_line' id='line_1_33' title="bbox 330 4717 2812 4791; baseline -0.005 -11"><span class='ocrx_word' id='word_1_327' title='bbox 330 4725 374 4781; x_wconf 87' lang='lat'><strong>1.</strong></span> <span class='ocrx_word' id='word_1_328' title='bbox 399 4740 475 4787; x_wconf 68' lang='lat' dir='ltr'><strong>c„</strong></span> <span class='ocrx_word' id='word_1_329' title='bbox 493 4725 637 4791; x_wconf 69' lang='lat' dir='ltr'><strong>prol„</strong></span> <span class='ocrx_word' id='word_1_330' title='bbox 657 4739 813 4778; x_wconf 86' lang='lat' dir='ltr'><strong>num.</strong></span> <span class='ocrx_word' id='word_1_331' title='bbox 835 4723 918 4787; x_wconf 84' lang='lat'><strong>37,</strong></span> <span class='ocrx_word' id='word_1_332' title='bbox 941 4737 1091 4775; x_wconf 90' lang='lat' dir='ltr'><strong>num.</strong></span> <span class='ocrx_word' id='word_1_333' title='bbox 1115 4720 1222 4785; x_wconf 74' lang='lat'><strong>43).</strong></span> <span class='ocrx_word' id='word_1_334' title='bbox 1239 4748 1307 4759; x_wconf 93' lang='lat'>—</span> <span class='ocrx_word' id='word_1_335' title='bbox 1322 4720 1396 4786; x_wconf 87' lang='grc'><strong>(6)</strong></span> <span class='ocrx_word' id='word_1_336' title='bbox 1417 4720 1612 4784; x_wconf 74' lang='lat' dir='ltr'><strong>Marc„</strong></span> <span class='ocrx_word' id='word_1_337' title='bbox 1633 4734 1706 4783; x_wconf 85' lang='lat'><strong>11,</strong></span> <span class='ocrx_word' id='word_1_338' title='bbox 1722 4718 1808 4774; x_wconf 76' lang='lat'><strong>22.</strong></span> <span class='ocrx_word' id='word_1_339' title='bbox 1824 4718 1975 4785; x_wconf 86' lang='grc'>-(7)</span> <span class='ocrx_word' id='word_1_340' title='bbox 1994 4717 2071 4772; x_wconf 81' lang='lat' dir='ltr'><strong>Cf.</strong></span> <span class='ocrx_word' id='word_1_341' title='bbox 2090 4717 2239 4785; x_wconf 91' lang='lat' dir='ltr'><strong>Sulp.</strong></span> <span class='ocrx_word' id='word_1_342' title='bbox 2258 4718 2378 4771; x_wconf 77' lang='lat' dir='ltr'><strong>Sev.</strong></span> <span class='ocrx_word' id='word_1_343' title='bbox 2406 4717 2535 4771; x_wconf 77' lang='lat' dir='ltr'><strong>Vita</strong></span> <span class='ocrx_word' id='word_1_344' title='bbox 2557 4717 2812 4780; x_wconf 75' lang='lat' dir='ltr'><strong>Martini,</strong></span> 
     </span>
     <span class='ocr_line' id='line_1_34' title="bbox 333 4799 2811 4875; baseline -0.004 -15"><span class='ocrx_word' id='word_1_345' title='bbox 333 4823 472 4875; x_wconf 73' lang='lat' dir='ltr'><strong>cap.</strong></span> <span class='ocrx_word' id='word_1_346' title='bbox 493 4806 608 4872; x_wconf 84' lang='grc'>7,8;</span> <span class='ocrx_word' id='word_1_347' title='bbox 631 4806 882 4861; x_wconf 86' lang='lat' dir='ltr'><strong>eiusdem</strong></span> <span class='ocrx_word' id='word_1_348' title='bbox 919 4805 1066 4858; x_wconf 72' lang='lat' dir='ltr'><strong>Dial.</strong></span> <span class='ocrx_word' id='word_1_349' title='bbox 1089 4802 1155 4866; x_wconf 88' lang='lat'><strong>11,</strong></span> <span class='ocrx_word' id='word_1_350' title='bbox 1179 4817 1296 4870; x_wconf 88' lang='lat' dir='ltr'><strong>cap.</strong></span> <span class='ocrx_word' id='word_1_351' title='bbox 1318 4802 1367 4866; x_wconf 76' lang='lat'><strong>2,</strong></span> <span class='ocrx_word' id='word_1_352' title='bbox 1389 4803 1439 4856; x_wconf 76' lang='lat'><strong>4.</strong></span> <span class='ocrx_word' id='word_1_353' title='bbox 1473 4801 1649 4855; x_wconf 83' lang='lat' dir='ltr'><strong>Etiam</strong></span> <span class='ocrx_word' id='word_1_354' title='bbox 1683 4800 1850 4854; x_wconf 87' lang='lat' dir='ltr'><strong>hodie</strong></span> <span class='ocrx_word' id='word_1_355' title='bbox 1884 4800 1941 4854; x_wconf 89' lang='lat' dir='ltr'><strong>in</strong></span> <span class='ocrx_word' id='word_1_356' title='bbox 1973 4799 2252 4853; x_wconf 81' lang='lat' dir='ltr'><strong>Breviario</strong></span> <span class='ocrx_word' id='word_1_357' title='bbox 2288 4815 2519 4853; x_wconf 90' lang='lat' dir='ltr'><strong>romano</strong></span> <span class='ocrx_word' id='word_1_358' title='bbox 2554 4799 2811 4852; x_wconf 87' lang='lat' dir='ltr'><strong>laudatur</strong></span> 
     </span>
     <span class='ocr_line' id='line_1_35' title="bbox 330 4884 2809 4958; baseline -0.005 -13"><span class='ocrx_word' id='word_1_359' title='bbox 330 4887 622 4954; x_wconf 66' lang='lat' dir='ltr'><strong>Harmas,</strong></span> <span class='ocrx_word' id='word_1_360' title='bbox 641 4894 705 4945; x_wconf 88' lang='lat' dir='ltr'><strong>ut</strong></span> <span class='ocrx_word' id='word_1_361' title='bbox 725 4888 826 4958; x_wconf 78' lang='lat' dir='ltr'><strong>qui</strong></span> <span class='ocrx_word' id='word_1_362' title='bbox 856 4889 920 4940; x_wconf 75' lang='lat' dir='ltr'><strong>in</strong></span> <span class='ocrx_word' id='word_1_363' title='bbox 951 4889 1147 4940; x_wconf 70' lang='lat' dir='ltr'><strong>virtute</strong></span> <span class='ocrx_word' id='word_1_364' title='bbox 1185 4886 1479 4939; x_wconf 71' lang='lat' dir='ltr'><strong>Triuitatis</strong></span> <span class='ocrx_word' id='word_1_365' title='bbox 1510 4885 1728 4950; x_wconf 74' lang='lat' dir='ltr'><strong>deificae</strong></span> <span class='ocrx_word' id='word_1_366' title='bbox 1761 4885 1991 4937; x_wconf 71' lang='lat' dir='ltr'><strong>meritus</strong></span> <span class='ocrx_word' id='word_1_367' title='bbox 2023 4886 2097 4936; x_wconf 71' lang='lat' dir='ltr'><strong>ait</strong></span> <span class='ocrx_word' id='word_1_368' title='bbox 2126 4884 2251 4948; x_wconf 77' lang='lat' dir='ltr'><strong>fieri</strong></span> <span class='ocrx_word' id='word_1_369' title='bbox 2274 4886 2445 4938; x_wconf 75' lang='lat' dir='ltr'><strong>trium</strong></span> <span class='ocrx_word' id='word_1_370' title='bbox 2470 4891 2809 4936; x_wconf 79' lang='lat' dir='ltr'><strong>mortuorum</strong></span> 
     </span>
     <span class='ocr_line' id='line_1_36' title="bbox 332 4968 1106 5038; baseline -0.009 -9"><span class='ocrx_word' id='word_1_371' title='bbox 332 4974 653 5029; x_wconf 59' lang='lat' dir='ltr'><strong>mmor.</strong></span> <span class='ocrx_word' id='word_1_372' title='bbox 670 4998 742 5012; x_wconf 85' lang='lat'><strong>—-</strong></span> <span class='ocrx_word' id='word_1_373' title='bbox 761 4970 838 5038; x_wconf 88' lang='lat'><strong>(8)</strong></span> <span class='ocrx_word' id='word_1_374' title='bbox 854 4968 915 5024; x_wconf 88' lang='lat' dir='ltr'><strong>P.</strong></span> <span class='ocrx_word' id='word_1_375' title='bbox 936 4968 1106 5023; x_wconf 61' lang='lat'><strong>25³7.</strong></span> 
     </span>
    </p>
   </div>
  </div>
 </body>
</html>
