3487 5450
390 625 972 677 nAmoGnAPch
1024 623 1523 676 camanum
1577 623 1670 675 nx
1721 623 1884 675 con.
1913 623 2290 687 ‚VATICANO
2341 622 2495 676 3813.
2599 596 2747 675 315

266 813 474 881 codice
503 814 952 893 Carmelitano,
995 812 1071 905 de
1099 805 1220 898 quo
1249 813 1480 896 aqitur,
1516 811 1811 877 dextrum
1854 800 2024 877 lctus
2065 833 2328 877 numero
2370 820 2560 894 vacet,
2588 813 2749 877 satis

267 911 462 998 liquet
522 913 706 976 illum
771 911 1040 976 codicem
1093 911 1296 994 fuisse
1350 913 1421 976 in
1491 911 1835 977 Vaticanos
1880 913 2128 997 pluteos
2193 911 2559 976 traductum
2598 918 2751 997 post

266 1032 511 1079 annum
536 1013 717 1076 1555.
743 1011 928 1075 Adde
966 1013 1032 1074 in
1061 1019 1280 1075 neutro
1324 1011 1529 1076 indice
1571 1011 1881 1076 Vaticano
1913 1011 2115 1075 ullum
2144 1011 2316 1075 alius
2344 1011 2493 1075 le'bri
2519 1032 2751 1075 manu-

265 1113 504 1195 scripti,
539 1113 650 1196 qui
687 1111 775 1174 ad
818 1132 951 1175 rem
994 1109 1558 1195 haqioqraphicam
1611 1111 2109 1175 Carmelitarum
2138 1118 2379 1194 spectet,
2423 1112 2752 1195 vestiqium

267 1212 559 1295 reperiri.

361 1310 571 1376 Codex
612 1317 821 1374 autem
879 1309 1076 1374 Vatic.
1119 1309 1290 1374 3813
1335 1317 1528 1375 totus
1552 1310 2024 1375 Carmelitanus
2067 1317 2174 1375 est.
2215 1310 2565 1395 Est-scripta
2595 1318 2746 1375 sunt

268 1430 488 1494 nempe
514 1411 584 1472 in
609 1431 720 1474 eo.-

278 1544 339 1608 10
380 1538 802 1608 Prohemium
831 1543 1008 1608 beati
1040 1542 1263 1607 Enoch
1287 1542 1613 1625 patriarce
1632 1542 2155 1608 Yerosolimitani
2184 1542 2254 1627 (f.
2290 1544 2448 1627 1-2).

269 1644 337 1707 20
356 1665 360 1667 ⁴
380 1642 530 1707 Vita
551 1642 687 1707 Scti
702 1643 932 1726 Angeli
953 1642 1477 1707 Yerosolimitani
1500 1642 1786 1707 martiris
1808 1642 2052 1707 ordinis
2075 1661 2184 1708 sce
2201 1642 2403 1707 Marie
2425 1642 2508 1708 de
2531 1643 2753 1708 Monte

441 1740 745 1807 Carmelli
768 1741 834 1825 (1.
859 1743 1063 1825 2-12).

606 1850 703 1904 Ed.
731 1853 850 1905 Aa.
869 1851 980 1915 ss„
1001 1850 1072 1904 ad
1096 1849 1148 1905 d.
1165 1851 1201 1904 5
1219 1850 1346 1915 mai,
1373 1853 1407 1903 t.
1442 1849 1508 1913 11,
1537 1866 1589 1918 p.
1610 1850 1812 1914 maan,
1837 1832 1905 1904 αι’
1930 1849 2172 1904 editione
2196 1848 2429 1904 cononi.
2455 1850 2755 1906 Desinante

541 1950 789 2016 prologo,
826 1949 1025 2018 legitur
1062 1948 1118 2003 in
1161 1949 1283 2004 cod.
1306 1950 1573 2016 Federiqo
1606 1964 1706 2017 pro
1733 1946 2027 2016 Gedere'90;
2063 1949 2161 2002 sed
2193 1949 2372 2017 prima
2392 1950 2577 2004 littera
2599 1949 2642 2003 F
2676 1950 2757 2005 ita

538 2049 741 2117 scripta
774 2054 861 2104 est
894 2054 957 2103 ut
989 2049 1146 2103 facile
1179 2048 1419 2117 potuerit
1454 2051 1739 2117 tamquam
1776 2047 1821 2102 G
1865 2048 2074 2102 haberi.
2099 2048 2230 2116 Pag.
2267 2021 2385 2113 '8:330,
2423 2065 2476 2103 ιι.
2508 2049 2594 2115 48,
2632 2055 2758 2117 post

540 2151 658 2202 eius
676 2151 780 2203 loci
802 2149 1008 2202 omissa
1032 2153 1118 2202 est
1141 2163 1250 2202 vox
1276 2151 1527 2217 episcopi.

606 2248 722 2301 Iam
745 2264 878 2302 vero
909 2248 1004 2302 illa
1039 2247 1166 2303 Vita
1196 2248 1250 2302 S.
1275 2248 1485 2317 Angeli.
1507 2252 1570 2302 ut
1600 2251 1759 2302 notat
1779 2247 2042 2302 Gononus
2065 2250 2206 2313 (Act.
2223 2249 2338 2313 88..
2362 2248 2398 2303 1.
2422 2248 2529 2313 cit„
2561 2265 2615 2318 p.
2639 2249 2754 2317 799,

540 2363 594 2402 ιι.
628 2348 698 2414 5),
738 2349 759 2372 ‘¹
791 2365 859 2403 ex
891 2352 1208 2417 pervetusto
1244 2347 1488 2417 quodam
1520 2347 1707 2401 codice
1739 2347 2114 2415 manuscripto
2151 2364 2328 2416 nuper
2345 2348 2561 2403 Romae
2593 2348 2757 2416 qua-si

550 2487 573 2512 ,
611 2447 866 2501 divinitus
907 2451 1124 2515 reperto
1168 2448 1317 2501 bona
1357 2447 1467 2500 fide
1509 2446 1849 2516 fideliterque
1891 2446 2164 2515 descripta
2205 2452 2259 2502 et
2296 2452 2570 2514 excerpta,
2609 2462 2758 2501 anno

545 2589 568 2614 ‚
607 2548 830 2601 Domini
870 2547 1122 2612 MDC1,;
1161 2547 1255 2615 qui
1294 2563 1471 2622 annus
1518 2546 1575 2600 in
1609 2547 1941 2601 memoriam
1987 2551 2214 2601 revocat
2257 2548 2433 2609 verba,
2471 2546 2757 2601 clausulae

540 2647 715 2701 codici
733 2646 853 2701 Vat.
881 2648 1014 2702 3813
1037 2663 1184 2700 anno
1221 2648 1344 2700 1601
1381 2646 1625 2701 adiectae
1648 2661 1816 2714 supra
1848 2646 2093 2702 recitata.
2120 2646 2287 2700 Addit
2316 2634 2760 2715 papebrochius}

545 2750 569 2776 ⁸
610 2748 791 2802 Habet
824 2747 924 2801 Ms.
948 2747 1092 2801 istud
1115 2727 1554 2821 Appendiculum
1587 2747 1656 2801 de
1696 2745 1816 2800 Vita
1850 2746 1903 2801 S.
1940 2745 2181 2822 Simonis
2218 2746 2402 2813 Stock,
2427 2733 2776 2810 verbotenus¹

547 2888 572 2914 ‚
608 2847 989 2915 transcriptum
1012 2863 1081 2900 ex
1120 2845 1389 2900 Viridario
1428 2845 1649 2900 Ioannis
1682 2845 1869 2912 Grossi
1897 2825 1954 2912 ,ξ
1987 2862 2132 2915 quae
2165 2845 2368 2901 iterum
2402 2863 2539 2902 cum
2567 2847 2761 2901 codice

546 2945 663 3000 Vat.
685 2947 818 3001 3813
842 2945 1194 3000 conveniunt.
1220 2945 1478 2999 Ceterum
1500 2923 1760 3009 Bzoviusg
1774 2944 1871 3013 qui
1893 2945 1964 2998 ad
1985 2961 2195 3000 annum
2217 2945 2499 3011 MCCXIX,
2530 2962 2586 3000 ιι.
2612 2947 2677 3001 19
2700 2950 2756 3000 et

546 3046 823 3114 epitomen
848 3044 1006 3099 Vitae
1045 3044 1100 3101 S.
1127 3044 1319 3112 Angeli
1342 3048 1398 3097 et
1419 3043 1851 3113 subsequentem
1874 3039 2170 3112 epistulam
2199 3045 2441 3110 inseruit,
2465 3050 2529 3099 ut
2549 3045 2763 3100 fontem

547 3147 751 3200 indicat
772 3145 1020 3199 codicem
1045 3144 1219 3199 Vatic.
1253 3143 1385 3198 bibl.
1420 3144 1694 3213 signatum
1725 3160 1781 3198 n.
1815 3144 1963 3198 3813.
2002 3144 2160 3198 Unde
2184 3144 2317 3198 satis
2339 3144 2513 3213 liquet
2550 3161 2618 3199 ex
2653 3145 2765 3199 hoc

544 3246 729 3300 codice
753 3244 1055 3300 editionem
1081 3244 1464 3298 Gououianam
1486 3248 1736 3312 paratam
1760 3259 1898 3298 esse.
2551 3238 2558 3244 ’

274 3347 344 3412 30
386 3345 442 3409 V
445 3346 564 3410 isio
588 3342 1124 3410 beatiAthanasii
1146 3343 1228 3407 de
1254 3341 1670 3408 Claromonte
1693 3342 2017 3448 patriarce
2039 3341 2487 3433 Allexandrini
2510 3343 2593 3408 de
2616 3343 2769 3408 reli-

448 3445 618 3528 quiis
646 3443 782 3509 Scti
813 3442 1116 3507 Iohannis
1146 3442 1488 3525 Baptistae
1511 3442 1583 3526 (f.
1618 3442 1721 3506 120
1721 3441 1913 3523 -.120)

615 3561 711 3615 Ed.
736 3560 883 3626 ibid.
909 3575 979 3614 ex
1004 3558 1254 3622 Gonono,
1277 3574 1329 3626 p.
1352 3558 1466 3613 832
1494 3558 1631 3613 Add.
1648 3557 1707 3612 in
1742 3557 1969 3612 codice.
1993 3559 2146 3613 Haec
2175 3575 2304 3612 vera
2327 3562 2471 3614 ratio
2497 3562 2611 3627 fuit
2644 3578 2771 3614 can·

552 3664 782 3716 ctissimi
804 3662 1104 3715 Athanasii
1125 3662 1191 3713 de
1219 3660 1558 3713 claromonte
1564 3660 1855 3728 patrum-cc
1876 3659 2265 3712 Alexandrini.

280 3763 353 3828 40
398 3761 498 3826 De
526 3760 769 3826 Sancto
792 3759 1057 3824 Simone
1086 3757 1286 3823 Stock
1304 3757 1376 3837 (1.
1413 3757 1714 3839 12v-13v).

620 3878 861 3932 Auctore
899 3875 1147 3930 Iohanne
1173 3874 1412 3938 Grossi0,
1438 3873 1523 3928 ed.
1546 3876 1666 3928 Ace.
1689 3873 1801 3940 88..
1837 3873 1908 3927 ad
1930 3873 1984 3927 d.
2009 3874 2071 3927 16
2096 3873 2222 3939 mai,
2245 3878 2282 3928 t.
2305 3873 2397 3940 ΠΙ,
2420 3891 2472 3943 p.
2503 3875 2620 3939 654,
2642 3892 2695 3931 ιι.
2718 3877 2768 3942 3,

553 3976 652 4031 sed
674 3992 743 4030 ex
765 3975 1007 4044 quodam
1049 3972 1488 4028 Francofurtensi
1513 3972 1828 4041 exemplari.
1851 3971 2029 4027 Variis
2074 3972 2401 4029 lectionibus
2424 3974 2697 4043 discrepat
2735 3992 2770 4030 a

556 4079 713 4129 textu
735 4073 854 4129 cod.
880 4073 999 4127 Vat.
1021 4073 1172 4126 3813.
1198 4071 1448 4139 Exempli
1472 4071 1663 4138 gratia,
1680 4070 1839 4124 initio
1865 4072 1983 4124 Act.
2006 4071 2102 4124 88.
2120 4089 2141 4123 .·
2168 4073 2485 4127 undecimus
2506 4095 2573 4117 =
2597 4072 2769 4128 Vatic.

558 4183 733 4229 sectus
756 4175 1035 4239 decimum·-
1060 4200 1128 4212 —
1161 4174 1410 4239 relt'yiose
1451 4179 1500 4226 et
1532 4179 1716 4225 sancte
1745 4173 1890 4224 rexit
1928 4173 2091 4224 annis
2115 4193 2184 4214 =
2223 4170 2393 4225 Vatic.
2430 4172 2683 4239 reliqv‘osc'
2722 4184 2772 4228 et

556 4282 740 4328 sancte
774 4274 1175 4341 quinquaqinta
1209 4273 1355 4324 reoeat
1388 4273 1570 4325 annis.
1591 4269 1881 4338 Utrimque
1914 4273 2201 4337 praeterea
2221 4270 2425 4324 omissa
2445 4275 2575 4325 sunt
2608 4287 2775 4340 quae—

559 4374 706 4436 dam,
735 4371 834 4425 sed
853 4386 967 4424 non
991 4370 1204 4424 eadem.

289 4476 357 4540 5⁰
400 4474 477 4539 In
504 4472 640 4536 vita
682 4470 788 4535 Sci
825 4468 1078 4532 Alberti
1125 4467 1209 4532 de
1258 4419 1630 4532 Abbatibus
1673 4466 1918 4532 ordinis
1961 4465 2479 4533 Carmelitarum.
2527 4469 2774 4535 Prohe·
2956 4535 2964 4543 ,

460 4591 667 4674 mium
697 4569 768 4653 (1.
796 4568 951 4650 130).

470 4677 473 4682 ’
626 4681 738 4733 Ine.
764 4679 1024 4732 Albmtea
1043 4679 1251 4731 dicitur
1269 4679 1336 4732 ab
1357 4678 1483 4731 alab
1498 4679 1643 4747 quod
1665 4685 1742 4730 cst
1756 4677 1927 4730 lactea
1950 4678 2028 4729 vel
2046 4677 2266 4729 dulcedo
2291 4687 2342 4730 et
2357 4677 2464 4730 ber.

291 4783 364 4848 60
408 4780 559 4845 Vita
587 4778 696 4844 Sci
717 4776 974 4842 Alberti
995 4776 1077 4841 de
1101 4776 1475 4841 Abbatibus
1505 4776 1576 4855 (f.
1609 4774 1878 4858 14-27v).

615 4895 739 4948 .1nc.
764 4894 899 4947 Fuit
929 4895 985 4946 in
1010 4893 1199 4947 diebus
1226 4894 1593 4946 inunt-issimi
1612 4893 1740 4945 Peri
1762 4895 1980 4959 antiqui
2002 4894 2146 4973 nqis
2173 4892 2574 4945 Cothaloniae...

630 4993 757 5048 Des,
782 4995 850 5048 de
867 5001 1036 5047 cetero
1063 4992 1212 5046 beato
1235 4993 1455 5045 Alberto
1472 4991 1782 5060 plurimum
1807 4993 1990 5044 devota
2013 4992 2248 5043 misione
2267 4989 2397 5043 dum
2422 4992 2574 5043 vix-it.
